@Article{     Alwan-TITB06,
  author    = "Majd Alwan AND David C. Mack AND Siddharth Dalal AND Steve Kell AND Beverely Turner AND Robin A. Felder",
  title     = "{Impact of monitoring technology in assisted living: outcome pilot}",
  journal   = "{IEEE Transaction On Information Technology in Biomedicine}",
  volume    = 10,
  number    = 1,
  pages     = "192--198",
  month     = jan,
  year      = 2006
}

@Article{     Virone-TITB08,
  author    = "Gilles Virone AND Majd Alwan AND Siddharth Dalal AND Steven W. Kell AND Beverely Turner AND John A. Stankovic AND Robin Felder",
  title     = "{Behavioral Patterns of Older Adults in Assisted Living}",
  journal   = "{IEEE Transaction On Information Technology in Biomedicine}",
  volume    = 12,
  number    = 3,
  pages     = "387--398",
  month     = may,
  year      = 2008
}

@Article{     Kingery-www08,
  title     = "{Digital X-10}",
  author    = "Phillip Kingery",
  journal   = "\url{http://www.hometoys.com/htinews/feb99/articles/kingery/kingery13.htm}",
  year      = "(30.11.2008)"
}

@Article{     Cooper-www08,
  title     = "{X10 FAQ}",
  author    = "Harrison Cooper",
  journal   = "\url{http://www.nomad.ee/micros/x10faq.html}",
  year      = "(30.11.2008)"
}

@InProceedings{ Haakenstad-ICCA99,
  title     = "{The Open Protocol Standard for Computerized Building Systems: BACnet}",
  author    = "Larry K. Haakenstad",
  booktitle = "{IEEE International Conference on Control Applications}",
  pages     = "1585--1590",
  month     = aug,
  year      = 1999
}

@Article{     Kastner-CSBAC05,
  author    = "Wolfgang Kastner AND Georg Neugschwandtner AND Stefan Soucek AND H. Michael Newman",
  title     = "{Communication Systems for Building Automation and Control}",
  journal   = "{Proceedings of IEEE}",
  volume    = 93,
  number    = 6,
  pages     = "1178--1203",
  month     = jun,
  year      = 2005
}

@Article{     Bushby-AC97,
  author    = "S. T. Bushby",
  title     = "{BACnet: a standard communication infrastructure for intelligent buildings}",
  journal   = "{Autom. Construction}",
  volume    = 6,
  number    = "5--6",
  pages     = "529--540",
  year      = 1997
}

@Book{        Loy04,
  author	= "D. Loy AND D. Dietrich AND H. Schweinzer",
  title		= "{Open Control Networks}",
  address	= "Norwell, MA, USA",
  publisher	= "Kluwer",
  year		= 2004
}

@Webpage{     myhome-www08,
  author    = {Bticino},
  lastchecked = {2-12-2008},
  title     = {MyHome Bticino},
  url       = {http://www.myhome-bticino.it/},
  year      = {2008}
}

@Book{        Bettintani04,
  author	= "Stefano Bellintani",
  title		= "{Manuale della Domotica}",
  address	= "Milano",
  publisher	= "Il Sole 24 Ore",
  year		= 2004
}

@Webpage{     konnexIT-www08,
  author    = {Konnex},
  lastchecked = {4-12-2008},
  title     = {Associazione Konnex Italia},
  url       = {http://www.konnex.it/},
  year      = {2008}
}

@Webpage{     can-www08,
  author    = {CAN in Automation CiA},
  lastchecked = {4-12-2008},
  title     = {CANOpen},
  url       = {http://www.can-cia.org/},
  year      = {2008}
}

@book{      iso_iec_7498_1_1994,
  author    = {ISO/IEC~7498-1:1994},
  publisher = {ISO, Geneva, Switzerland},
  title     = {Information technology -- Open Systems Interconnection --
               Basic Reference Model: The Basic Model},
  year      = {1994}
}

@Webpage{     ieeeMAC-www08,
  author    = {IEEE},
  lastchecked = {4-12-2008},
  title     = {IEEE Registration Authority - IEEE OUI and Company\_id Assignments},
  url       = {http://standards.ieee.org/regauth/oui/index.shtml},
  year      = {2008}
}





@Book{		  cv1,
  author	= "Rangachar Kasuri AND Ramesh C. Jain",
  title		= "{Computer Vision: advances and applications}",
  address	= "Los Alamitos, California, USA",
  publisher = "IEEE Computer Society Press",
  edition	= "Third",
  month         = dec,
  year		= 1993
}

@MastersThesis{   tesi-fascal,
  author        = "Alessandra Fascioli",
  title         = "Localizzazione di ostacoli mediante elaborazione di
                  immagini stereoscopiche",
  school        = "Universit\`a degli Studi di Parma - Facolt\`a di
                  Ingegneria",
  year          = 1995
}

@TechReport{      mpi,
  author        = "{MPI Forum}",
  title         = "{MPI A Message Passing Interface Standard}",
  institution   = "University of Tennessee",
  year          = 1995,
  month         = jun
}

@InProceedings{   aiia.ferrara,
  author        = "Massimo Bertozzi AND Alberto Broggi AND Gianni Conte AND Alessandra Fascioli",
  title         = "{Vision-based Automated Vehicle Guidance: the experience of the ARGO vehicle}",
  booktitle     = "{IAPRVA - Tecniche di Intelligenza Artificiale e Pattern Recognition per la Visione Artificiale}",
  pages         = "35--40",
  month         = apr,
  year          = 1998
}

~
~
