%-------------------------------------------------------------------------------
% Legnani bib
% ------------------------------------------------------------------------------

@Book{Legnani2003,
  Title                    = {Robotica industriale},
  Author                   = {Giovanni Legnani},
  Publisher                = {Casa Editrice Ambrosiana},
  Year                     = {2003},

  Owner                    = {Giacomo},
  Timestamp                = {2015.03.05}
}

@Book{LegnaniAzionam,
  Title                    = {Meccanica degli Azionamenti },
  Author                   = {Legnani, G. and Tiboni, M. and  Adamini, R. and Tosi, D.},
  Publisher                = {Esculapio},
  Year                     = {2016},

  Owner                    = {Giacomo},
  Timestamp                = {2015.03.05}
}

@Article{Legnani1996a,
  Title                    = {A homogeneous matrix approach to 3D kinematics and dynamics - \mbox{I}, Theory},
  Author                   = {Legnani, G. and Casolo, F. and Righettini, P. and Zappa, B.},
  Journal                  = {Mechanism and Machine Theory},
  Year                     = {1996},
  Number                   = {5},
  Pages                    = {573-587},
  Volume                   = {31},

  Owner                    = {Giacomo},
  Timestamp                = {2015.03.06}
}

@Article{Legnani1996b,
  Title                    = {A homogeneous matrix approach to 3D kinematics and dynamics - \mbox{II}, Applications to chains of rigid bodies and serial manipulators},
  Author                   = {Legnani, G. and Casolo, F. and Righettini, R. and Zappa, B.},
  Journal                  = {Mechanism and Machine Theory},
  Year                     = {1996},
  Number                   = {5},
  Pages                    = {589-605},
  Volume                   = {31},

  Owner                    = {Giacomo},
  Timestamp                = {2015.03.06}
}

@Book{Legnani2016,
  Title                    = {Fondamenti di Meccanica e Biomeccanica del Movimento},
  Author                   = {Legnani, G. and Palmieri, G.},
  Publisher                = {Citt√† Studi Edizioni},
  Year                     = {2016},
}

@Book{Schiavoni,
  Title                    = {Fondamenti di Controlli automatici},
  Author                   = {Bolzern, P.  and Scattolini, R.  and Schiavoni, N.},
  Publisher                = {Mc-Graw-Hill},
  Year                     = {2008},
}


@Book{Siciliano,
  Title                    = {Robotica industriale. Modellistica e controllo di manipolatori.},
  Author                   = {Sciavicco, L.  and Siciliano, B.},
  Publisher                = {Mc-Graw-Hill},
  Year                     = {2003},
}


@Book{SicilianoForza,
  Title                    = {Robot Force Control.},
  Author                   = {Siciliano, B. and Villani, L.},
  Publisher                = {Springer Verlag},
  Year                     = {2014},
}



@Book{calibra,
  Title                    = {Fundamentals of robot calibration},
  Author                   = {Mooring, B. and Roth, Z. S. and Driels, M. R.},
  Publisher                = {J. Wiley \& sons.},
  Year                     = {1991},
}

@Article{ifac02,
  Title                    = {Optimized dynamic calibration of a scara robot},
  Author                   = {Indri, M. and Calafiore, G. and Legnani, G. and Jatta, F. and Visioli, A.},
  Journal                  = {IFAC, 15th Triennial World Congress, Barcelona, Spain},
  year                     = {2002},
  Owner                    = {Giovanni}
}

@Article{ASME2016Attrito,
  Title                    = {A new friction model for mechanical transmissions considering joint temperature},
  Author                   = {Legnani, G. and Simoni, L. and Beschi, M. and Visioli, A.},
  Journal                  = {Proceedings of ASME IDETC/CIE 2016, August 21-24, 2016, Charlotte, N. Carolina, USA},
  year                     = {2016},
  Owner                    = {Giovanni}
}

@Book{Greville74,
  Title                    = {Generalized inverses: theory and application},
  Author                   = {Ben-Israel, A. and Greville, T.N.E. },
  Publisher                = {Wiley},
  Year                     = {1974},
  Owner                    = {Giovanni}
}

@Book{Vicentini2017,
  Title                    = {La robotica collaborativa},
  Author                   = {Vicentini, F.},
  Publisher                = {Tecniche Nuove},
  Year                     = {2017},
  isbn                     = {978-88-481-3480-4},
  Owner                    = {Giovanni}
}

@Book{NRecipes,
  Title                    = {Numerical Recipes.  The Art of Scientific Computing.},
  Author                   = {Press, W. H. and Teukolsky, S. A. and Vetterling, W. T. and Flannery, B. P.},
  Publisher                = {Cambridge University Press},
  Owner                    = {Giovanni},
}


@Book{Magnani,
  Title                    = {Meccanismi per macchine automatiche.},
  Author                   = {Magnani, P. and Ruggeri, G.},
  Publisher                = {UTET},
  Owner                    = {Giovanni},
}


@Article{Eulero,
  Title                    = {Formulae generales pro translatione quacunque corporum rigidorum.},
  Author                   = {Eulero, L.},
  Journal                  = {Novi Commentarii academiae scientiarum Petropolitanae  (E478)},
  Number                   = {20},
  Pages                    = {189-207},
  year                     = {1776},
  Owner                    = {Giovanni}
}


@Article{DH,
  Title                    = {A kinematic notation for lower-pair mechanisms based on matrices},
  Author                   = {Denavit, J.J. and Hartenberg, R.S.},
  Journal                  = {Trans ASME J. Appl. Mech.},
  Year                     = {1955},
  Pages                    = {215-221},
  Volume                   = {23},
  Owner                    = {Giovanni},
}

@Article{Uicker1,
  Title                    = {Velocity, Acceleration, and Static-Force Analyses of Spatial Linkages},
  Author                   = {Denavit, J.J. and Hartenberg, R.S. and Razi, R.R. and Uicker, J.J. Jr..},
  Journal                  = {ASME. J. Appl. Mech.},
  Year                     = {1965},
  Number                   = {4},
  Pages                    = {903-910},
  Volume                   = {32},
  doi                      = {10.1115/1.3627334},
  Owner                    = {Giovanni},
}
@Article{Uicker2,
  Title                    = {Dynamic Behavior of Spatial Linkages: Part 1-Exact Equations of Motion, Part 2-Small Oscillations About Equilibrium},
  Author                   = {Uicker, J.J. Jr.},
  Journal                  = {ASME. J. Eng. Ind.},
  Year                     = {1969},
  Number                   = {1},
  Pages                    = {251-265},
  Volume                   = {1969},
  doi                      = {10.1115/1.3591539},
  Owner                    = {Giovanni},
}
@Article{Uicker3,
  Title                    = {A Generalized Symbolic Notation for Mechanisms},
  Author                   = {Sheth, P.N. and Uicker, J.J. Jr.},
  Journal                  = {ASME. J. Eng. Ind.},
  Year                     = {1971},
  Number                   = {1},
  Pages                    = {102-112},
  Volume                   = {93},
  doi                      = {doi:10.1115/1.3427855},
  Owner                    = {Giovanni},
}


@Article{Uicker4,
  Title                    = {IMP (Integrated Mechanisms Program), A Computer-Aided Design Analysis System for Mechanisms and Linkage},
  Author                   = {Sheth, P.N. and Uicker, J.J. Jr.},
  Journal                  = {ASME. J. Eng. Ind.},
  Year                     = {1972},
  Number                   = {2},
  Pages                    = {454-464},
  Volume                   = {94},
  doi                      = {10.1115/1.3428176},
  Owner                    = {Giovanni},
}

@Book{Merlet,
  Title                    = {Parallel Robots},
  Author                   = {Merlet, J.P.},
  Publisher                = {Kluwer},
  Year                     = {2000},
  isbn                     = {978-94-010-9587-7},
  Owner                    = {Giovanni},
}

@Book{Tsai,
  Title                    = {Robot Analysis: The Mechanics of Serial and Parallel Manipulators},
  Author                   = {Tsai, L.W.},
  Publisher                = {Wiley \& Sons},
  Year                     = {1969},
  isbn                     = {471325937},
  Owner                    = {Giovanni},
}

@article{Stewart, author = {D. Stewart}, title = {A Platform with Six Degrees
of Freedom: A new form of mechanical linkage which enables a platform to move
simultaneously in all six degrees of freedom developed by Elliott-Automation},
journal = {Aircraft Engineering and Aerospace Technology}, volume = {38},
number = {4}, pages = {30-35}, year = {1966}, doi = {10.1108/eb034141}, URL =
{https://doi.org/10.1108/eb034141} }

@Book{Vibraz-kelly,
  Title                    = {Fundamentals of Mechanical Vibrations},
  Author                   = {Kelly, G.S.},
  Publisher                = {McGraw-Hill},
  Year                     = {1992},
  isbn                     = {9780070340237},
  Owner                    = {Giovanni},
}

@Book{Vibraz-rao,
  Title                    = {Mechanical Vibrations},
  Author                   = {Rao, S. S.},
  Publisher                = {Prentice Hall},
  Year                     = {2010},
  isbn                     = {0-13-212819-5},
  Owner                    = {Giovanni},
}

@article{joe-prj,
        author={Legnani,G. and Fassi,I.},
        year={2018},
        title={Kinematics analysis of a class of spherical PKMs by projective angles},
        journal={Robotics},
        volume={7},
        number={4}
}

@article{joe-cal1,
        author={Fontana,G. and Ruggeri,S. and Legnani,G. and Fassi,I.},
        year={2018},
        title={Unconventional calibration strategies for micromanipulation work-cells},
        journal={Robotica},
        volume={36},
        number={12},
        pages={1897-1919}
}
@article{joe-cal2,
        author={Legnani,G. and Tiboni,M.},
        year={2014},
        title={Optimal design and application of a low-cost wire-sensor system for the kinematic calibration of industrial manipulators},
        journal={Mechanism and Machine Theory},
        volume={73},
        pages={25-48}
}
@article{joe-cal3,
        author={Omodei,A. and Legnani,G. and Adamini,R.},
        year={2001},
        title={Calibration of a measuring robot: Experimental results on a 5 DOF structure},
        journal={Journal of Robotic Systems},
        volume={18},
        number={5},
        pages={237-250}
}
@article{joe-cal4,
        author={Omodei,A. and Legnani,G. and Adamini,R.},
        year={2000},
        title={Three methodologies for the calibration of industrial manipulators: Experimental results on a SCARA robot},
        journal={Journal of Robotic Systems},
        volume={17},
        number={6},
        pages={291-307}
}
@inproceedings{joe-red,
        author={Callegari,M. and Palmieri,G. and Palpacelli,M. -. and Bussola,R. and Legnani,G.},
        editor={ },
        year={2018},
        title={Performance Analysis of a High-Speed Redundant Robot},
        booktitle={2018 14th IEEE/ASME International Conference on Mechatronic and Embedded Systems and Applications, MESA 2018}
}
@article{simoni-fri1,
        author={Simoni,L. and Beschi,M. and Legnani,G. and Visioli,A.},
        year={2017},
        title={Modelling the temperature in joint friction of industrial manipulators},
        journal={Robotica},
        pages={1-22},
}
 @inproceedings{joe-caldin,
        author={Villagrossi,E. and Legnani,G. and Pedrocchi,N. and Vicentini,F. and Tosatti,L. M. and Abb√†,F. and Bottero,A.},
        editor={ },
        year={2014},
        title={Robot dynamic model identification through excitation trajectories minimizing the correlation influence among essential parameters},
        booktitle={ICINCO 2014 - Proceedings of the 11th International Conference on Informatics in Control, Automation and Robotics},
        volume={2},
        pages={475-482}
}
@article{joe-iso1,
        author={Legnani,G. and Fassi,I. and Giberti,H. and Cinquemani,S. and Tosi,D.},
        year={2012},
        title={A new isotropic and decoupled 6-DoF parallel manipulator},
        journal={Mechanism and Machine Theory},
        volume={58},
        pages={64-81}
}

@article{joe-iso2,
        author={Legnani,G. and Tosi,D. and Fassi,I. and Giberti,H. and Cinquemani,S.},
        year={2010},
        title={The "point of isotropy" and other properties of serial and parallel manipulators},
        journal={Mechanism and Machine Theory},
        volume={45},
        number={10},
        pages={1407-1423}
}

@article{joe-iso3,
        author={Fassi,I. and Legnani,G. and Tosi,D.},
        year={2005},
        title={Geometrical conditions for the design of partial or full isotropic hexapods},
        journal={Journal of Robotic Systems},
        volume={22},
        number={10},
        pages={507-518}
}

@article{joe-hd,
        author={Legnani,G. and Faglia,R.},
        year={1992},
        title={Harmonic Drive Transmissions: The Effects Of Their Elasticity, Clearance And Irregularity On The Dynamic Behaviour Of An Actual Scara Robot},
        journal={Robotica},
        volume={10},
        number={4},
        pages={369-375}
}

@article{joe-motorsel,
        author={Giberti,H. and Cinquemani,S. and Legnani,G.},
        year={2011},
        title={A practical approach to the selection of the motor-reducer unit in electric drive systems},
        journal={Mechanics Based Design of Structures and Machines},
        volume={39},
        number={3},
        pages={303-319}
}
@article{joe-motorsel2,
        author={Giberti,H. and Cinquemani,S. and Legnani,G.},
        year={2010},
        title={Effects of transmission mechanical characteristics on the choice of a motor-reducer},
        journal={Mechatronics},
        volume={20},
        number={5},
        pages={604-610}
}

@inproceedings{joe-contour1,
        author={Ziliani,G. and Visioli,A. and Legnani,G.},
        editor={ },
        year={2007},
        title={Iterative learning explicit hybrid force/velocity control for contour tracking},
        booktitle={IEEE/ASME International Conference on Advanced Intelligent Mechatronics, AIM}
}

@article{joe-contour2,
        author={Ziliani,G. and Visioli,A. and Legnani,G.},
        year={2007},
        title={A mechatronic approach for robotic deburring},
        journal={Mechatronics},
        volume={17},
        number={8},
        pages={431-441}
}

@article{joe-contour3,
        author={Jatta,F. and Legnani,G. and Visioli,A. and Ziliani,G.},
        year={2006},
        title={On the use of velocity feedback in hybrid force/velocity control of industrial manipulators},
        journal={Control Engineering Practice},
        volume={14},
        number={9},
        pages={1045-1055}
}

@inproceedings{joe-contour4,
        author={Jatta,F. and Legnani,G. and Visioli,A.},
        editor={ },
        year={2003},
        title={Hybrid force/velocity control of industrial manipulators with elastic transmissions},
        booktitle={IEEE International Conference on Intelligent Robots and Systems},
        volume={4},
        pages={3276-3281}
}

@article{cheope,
        author={Tosi,D. and Legnani,G. and Pedrocchi,N. and Righettini,P. and Giberti,H.},
        year={2010},
        title={Cheope: A new reconfigurable redundant manipulator},
        journal={Mechanism and Machine Theory},
        volume={45},
        number={4},
        pages={611-626}
}

@article{joe-trjtra,
        author={Visioli,A. and Legnani,G.},
        year={2002},
        title={On the trajectory tracking control of industrial SCARA robot manipulators},
        journal={IEEE Transactions on Industrial Electronics},
        volume={49},
        number={1},
        pages={224-232}
}

@article{joe-kineto,
        author={Molinari-Tosatti,L. and Fassi,I. and Legnani,G.},
        year={2003},
        title={Kineto-static optimisation of PKMs},
        journal={CIRP Annals - Manufacturing Technology},
        volume={52},
        number={1},
        pages={337-341}
}

@inproceedings{joe-angoli,
        author={Legnani,G. and Fassi,I.},
        editor={ },
        year={2015},
        title={Representation of 3D motion by projective angles},
        booktitle={Proceedings of the ASME Design Engineering Technical Conference},
        volume={5C-2015}
}


@article{pkm-tras,
        author={Carricato, M. and Parenti-Castelli, V.},
        year={2003},
        title={Singularity-free fully-isotropic
translational parallel mechanism},
        journal={International Journal of Robotics Research},
        volume={21},
        number={2},
        pages={161-174}
}

@article{Kuo,
        author={Kuo,C. and Dai,J. S. and Legnani,G.},
        year={2014},
        title={A non-overconstrained variant of the Agile Eye with a special decoupled kinematics},
        journal={Robotica},
        volume={32},
        number={6},
        pages={889-905}
}

@article{agile,
        author={Gosselin, C. M. and St. Pierre, E.  and Gagne, M.,},
        year={1996},
        title={On the development of the Agile Eye},
        journal={IEEE Robotics \& Automation Magazine},
        volume={3},
        number={4},
        pages={29-37},
        doi={10.1109/100.556480}
}

@phdthesis{phdthesis,
  author       = {Legnani, G.},
  title        = {Metodi matriciali per la cinematica dei robot},
  school       = {Politecnico di Milano},
  year         = 1986,
  note         = {Tesi di dottorato, 1¬∞ ciclo}
}

@Book{LegnaniBook,
  Title                    = {Meccanica dei robot},
  Author                   = {Legnani, G.},
  Publisher                = {Citt√† Studi},
  Year                     = {1992},
  Owner                    = {Giovanni},
}

@Book{WR2018-ID,
  Title                    = {World Robotics - Industrial Robots 2018, International~Federation~of~Robotics},
  Author                   = {IFR},
  Publisher                = {VDMA Robotics \& Automation, Germany},
  Year                     = {2018},
  isbn                     = {978-3-8163-0725-9},
  Owner                    = {Giovanni},
}

@Book{WR2018-SR,
  Title                    = {World Robotics - Service Robots 2018, International~Federation~of~Robotics},
  Author                   = {IFR},
  Publisher                = {VDMA Robotics \& Automation, Germany},
  Year                     = {2018},
  isbn                     = {978-3-8163-0726-6},
  Owner                    = {Giovanni},
}

@Book{sheep,
  Title                    = {Robot for shearing sheep, shear magic},
  Author                   = {Trevelyan, J.P.},
  Publisher                = {Oxford Science Publications},
  Year                     = {1992},
  isbn                     = {978-0198562528},
  Owner                    = {Giovanni},
}

@article{PKMgiberti,
        author={Giberti, H. and Ferrari, D. A },
        year={2015},
        title={Novel hardware-in-the-loop device for floating offshore wind turbines and
sailing boats},
        journal={Mechanism and Machine Theory},
        volume={85},
        pages={82-105},
        doi={10.1016/j.mechmachtheory.2014.10.012}
}


@incollection{tasora,
  author      = {Tasora, A.},
  title       = {Quaternioni},
  editor      = {Cheli, E. and Pennestri, E.},
  booktitle   = {Cinematica e Dinamica dei Sistemi Multibody},
  publisher   = {CEA Casa Editrice Ambrosiana},
  year        = {2006},
  pages       = {117-137},
  isbn        = {88-408-1345-4}
}


@phdthesis{phdFassi,
  author       = {Fassi, I.},
  title        = {Analysis and design of parallel mechanisms for manufacturing},
  school       = {Politecnico di Milano},
  year         = 2001,
  note         = {Tesi di dottorato, 13¬∞ ciclo}
}


%-------------------------------------------------------------------------------
% Fusai bib
% ------------------------------------------------------------------------------

@inproceedings{shoemake1985animating,
	title={Animating rotation with quaternion curves},
	author={Shoemake, K.},
	booktitle={Proceedings of the 12th annual conference on Computer graphics and interactive techniques},
	pages={245--254},
	year={1985}
}

@article{barr1992smooth,
	title={Smooth interpolation of orientations with angular velocity constraints using quaternions},
	author={Barr, A. and Currin, B. and Gabriel, S. and Hughes, J.},
	journal={ACM Siggraph Computer Graphics},
	volume={26},
	number={2},
	pages={313--320},
	year={1992},
	publisher={ACM New York, NY, USA}
}

@article{basarab2010interpolating,
	title={Interpolating solid orientations with quaternion curves based on atomic functions and cardinal series},
	author={Basarab, M.},
	journal={Science \& Military Journal},
	volume={5},
	number={2},
	pages={87},
	year={2010},
	publisher={Armed Forces Academy}
}

@article{bauchau2014interpolation,
	title={Interpolation of rotation and motion},
	author={Bauchau, O. and Han, S.},
	journal={Multibody System Dynamics},
	volume={31},
	number={3},
	pages={339--370},
	year={2014},
	publisher={Springer}
}

@article{crouch1999casteljau,
	title={The De Casteljau algorithm on Lie groups and spheres},
	author={Crouch, P and Kun, G and Leite, F Silva},
	journal={Journal of Dynamical and Control Systems},
	volume={5},
	number={3},
	pages={397--429},
	year={1999},
	publisher={Springer}
}

@article{hart1994visualizing,
	title={Visualizing quaternion rotation},
	author={Hart, John C and Francis, George K and Kauffman, Louis H},
	journal={ACM Transactions on Graphics (TOG)},
	volume={13},
	number={3},
	pages={256--276},
	year={1994},
	publisher={ACM New York, NY, USA}
}

@inproceedings{kim1995ac,
	title={A {C}$^{2}$-continuous B-Spline quaternion curve interpolating a given sequence of solid orientations},
	author={Kim, M.-J. and Kim, M.-S. and Shin, S.Y.},
	booktitle={Proceedings Computer Animation},
	pages={72--81},
	year={1995},
	organization={IEEE}
}

@inproceedings{kim1995general,
	title={A general construction scheme for unit quaternion curves with simple high order derivatives},
	author={Kim, M.-J. and Kim, M.-S and Shin, S.Y.},
	booktitle={Proceedings of the 22nd annual conference on Computer graphics and interactive techniques},
	pages={369--376},
	year={1995}
}

@article{ravani1995bezier,
	title={B\'ezier curves on riemannian manifolds and lie groups with kinematic applications},
	author={Ravani, B. and Park, F.C.},
	journal={Journal of Mechanical Design},
	volume={117},
	number={1},
	pages={36--40},
	year={1995}
}

@inproceedings{ramamoorthi1997fast,
	title={Fast construction of accurate quaternion splines},
	author={Ramamoorthi, R. and Barr, A.},
	booktitle={Proceedings of the 24th annual conference on Computer graphics and interactive techniques},
	pages={287--292},
	year={1997}
}

@book{dam1998quaternions,
	title={Quaternions, interpolation and animation},
	author={Dam, E. and Koch, M. and Lillholm, M.},
	volume={2},
	year={1998},
	publisher={Citeseer}
}

@article{eberly2011fast,
	title={A fast and accurate algorithm for computing slerp},
	author={Eberly, David},
	journal={Journal of Graphics, GPU, and Game Tools},
	volume={15},
	number={3},
	pages={161--176},
	year={2011},
	publisher={Taylor \& Francis}
}

@article{walsh2003great,
	title={Great circle links in the three-sphere},
	author={Walsh, Genevieve},
	journal={arXiv preprint math/0308048},
	year={2003}
}

@article{grassia1998practical,
	title={Practical parameterization of rotations using the exponential map},
	author={Grassia, F Sebastian},
	journal={Journal of graphics tools},
	volume={3},
	number={3},
	pages={29--48},
	year={1998},
	publisher={Taylor \& Francis}
}

@article{kremer2008quaternions,
	title={Quaternions and SLERP},
	author={Kremer, Verena Elisabeth},
	journal={Embots. dfki. de/doc/seminar\_ca/Kremer\_Quaternions. pdf},
	year={2008}
}

@inproceedings{Shoemake1987QuaternionCA,
	title={Quaternion calculus and fast animation},
	author={Shoemake, K.},
	booktitle={SIGGRAPH 1987},
	year={1987}
}

@article{kim1995interpolating,
	title={Interpolating solid orientations with circular blending quaternion curves},
	author={Kim, Myung-Soo and Nam, Kee-Won},
	journal={Computer-Aided Design},
	volume={27},
	number={5},
	pages={385--398},
	year={1995},
	publisher={Elsevier}
}

@incollection{schlag1991using,
	title={Using geometric constructions to interpolate orientation with quaternions},
	author={Schlag, J.},
	booktitle={Graphics Gems II},
	pages={377--380},
	year={1991},
	publisher={Elsevier}
}

@article{nielson1992animated,
	title={Animated rotations using quaternions and splines on a 4D sphere},
	author={Nielson, GM and Heiland, RW},
	journal={Programming and Computer Software},
	volume={18},
	number={4},
	pages={145--154},
	year={1992},
	publisher={MAIK NAUKA/INTERPERIODICA C/O PLENUM/CONSULTANTS BUREAU 233 SPRING ST, NEW~‚Ä¶}
}

@article{ickes1970new,
	title={A new method for performing digital control system attitude computations using quaternions},
	author={Ickes, BP},
	journal={AIAA journal},
	volume={8},
	number={1},
	pages={13--17},
	year={1970}
}

@article{pletinckx1989quaternion,
	title={Quaternion calculus as a basic tool in computer graphics},
	author={Pletinckx, D.},
	journal={The Visual Computer},
	volume={5},
	number={1-2},
	pages={2--13},
	year={1989},
	publisher={Springer}
}

@inproceedings{tasora2015chrono,
  title={Chrono: An open source multi-physics dynamics engine},
  author={Tasora, A. and Serban, R. and Mazhar, H. and Pazouki, A. and Melanz, D. and Fleischmann, J. and Taylor, M. and Sugiyama, H. and Negrut, D.},
  booktitle={International Conference on High Performance Computing in Science and Engineering},
  pages={19--49},
  year={2015},
  organization={Springer}
}

@article{hamilton1844ii,
  title={On quaternions; or on a new system of imaginaries in algebra},
  author={Hamilton, W.R.},
  journal={The London, Edinburgh, and Dublin Philosophical Magazine and Journal of Science},
  volume={25},
  number={163},
  pages={10--13},
  year={1844},
  publisher={Taylor \& Francis}
}

@article{kim1996compact,
  title={A compact differential formula for the first derivative of a unit quaternion curve},
  author={Kim, M.-J. and Kim, M.-S. and Shin, S.Y.},
  journal={The Journal of Visualization and Computer Animation},
  volume={7},
  number={1},
  pages={43--57},
  year={1996},
  publisher={Wiley Online Library}
}

@misc{gabriel1985spline,
  title={Spline interpolation in curved space. {S}tate of the art in image synthesis},
  author={Gabriel, S. and Kajiya, J.},
  howpublished={Siggraph course notes},
  year={1985},
  publisher={ACM Press, New York}
}

% New ----------------------
@article{bolotnikov2015polynomial,
  title={Polynomial interpolation over quaternions},
  author={Bolotnikov, V.},
  journal={Journal of Mathematical Analysis and Applications},
  volume={421},
  number={1},
  pages={567--590},
  year={2015},
  publisher={Elsevier}
}

@article{tan2018smooth,
  title={Smooth orientation interpolation using parametric quintic-polynomial-based quaternion spline curve},
  author={Tan, J. and Xing, Y. and Fan, W. and Hong, P.},
  journal={Journal of Computational and Applied Mathematics},
  volume={329},
  pages={256--267},
  year={2018},
  publisher={Elsevier}
}

@article{pu2020c2,
  title={C2-Continuous Orientation Planning for Robot End-Effector with B-Spline Curve Based on Logarithmic Quaternion},
  author={Pu, Y. and Shi, Y. and Lin, X. and Hu, Y. and Li, Z.},
  journal={Mathematical Problems in Engineering},
  volume={2020},
  year={2020},
  publisher={Hindawi}
}

@article{ghosh2008consistent,
  title={Consistent quaternion interpolation for objective finite element approximation of geometrically exact beam},
  author={Ghosh, S. and Roy, D.},
  journal={Computer Methods in Applied Mechanics and Engineering},
  volume={198},
  number={3-4},
  pages={555--571},
  year={2008},
  publisher={Elsevier}
}

@article{romero2004interpolation,
  title={The interpolation of rotations and its application to finite element models of geometrically exact rods},
  author={Romero, I.},
  journal={Computational mechanics},
  volume={34},
  number={2},
  pages={121--133},
  year={2004},
  publisher={Springer}
}

@inproceedings{neubauer2015smooth,
  title={Smooth orientation path planning with quaternions using B-splines},
  author={Neubauer, M. and M{\"u}ller, A.},
  booktitle={2015 IEEE/RSJ International Conference on Intelligent Robots and Systems (IROS)},
  pages={2087--2092},
  year={2015},
  organization={IEEE}
}

@inproceedings{li2009research,
  title={Research on tool path planning for five-axis machining},
  author={Li, P. and Guo, R. and Wang, P. and Huang, Y.},
  booktitle={2009 IEEE International Conference on Industrial Engineering and Engineering Management},
  pages={2338--2342},
  year={2009},
  organization={IEEE}
}

@article{yongguo2010trajectory,
  title={Trajectory planning algorithm based on quaternion for 6-DOF aircraft wing automatic position and pose adjustment method},
  author={Yongguo, Z. and Xiang, H. and Wei, F. and Shuanggao, L.},
  journal={Chinese Journal of Aeronautics},
  volume={23},
  number={6},
  pages={707--714},
  year={2010},
  publisher={Elsevier}
}