% --------------------------------------------------------------------------------------------------
% NOTE
% NOTE
% NOTE
% ADD HERE REFERENCES THAT YOU *DO NOT* FIND ALREADY AVAILABLE IN THE OTHER BIB FILES IN THIS FOLDER
% AT THE END, DAN WILL DROP THE REFS FROM THIS FILE IN THE SVN "SOURCES"
% NOTE
% NOTE
% NOTE
% --------------------------------------------------------------------------------------------------
@misc{matas2018simtoreal,
    title={Sim-to-Real Reinforcement Learning for Deformable Object Manipulation},
    author={Jan Matas and Stephen James and Andrew J. Davison},
    year={2018},
    journal={arXiv preprint arXiv:1806.07851},
    url={https://arxiv.org/abs/1806.07851},
    eprint={1806.07851},
    archivePrefix={arXiv},
    primaryClass={cs.RO}
}
@misc{Pan2017OffRoadAV,
  author    = {Yunpeng Pan and
               Ching{-}An Cheng and
               Kamil Saigol and
               Keuntaek Lee and
               Xinyan Yan and
               Evangelos A. Theodorou and
               Byron Boots},
  title     = {Agile Autonomous Driving Using End-to-End Deep Imitation
               Learning},
  journal   = {CoRR},
  volume    = {abs/1709.07174},
  year      = {2017},
  url       = {http://arxiv.org/abs/1709.07174},
  archivePrefix = {arXiv},
  eprint    = {1709.07174},
  timestamp = {Thu, 18 Jul 2019 16:08:56 +0200},
  biburl    = {https://dblp.org/rec/journals/corr/abs-1709-07174.bib},
  bibsource = {dblp computer science bibliography, https://dblp.org}
}

@misc{BohezVCVSD17,
  author    = {Steven Bohez and
               Tim Verbelen and
               Elias De Coninck and
               Bert Vankeirsbilck and
               Pieter Simoens and
               Bart Dhoedt},
  title     = {Sensor Fusion for Robot Control through Deep Reinforcement Learning},
  journal   = {CoRR},
  volume    = {abs/1703.04550},
  year      = {2017},
  url       = {http://arxiv.org/abs/1703.04550},
  archivePrefix = {arXiv},
  eprint    = {1703.04550},
  timestamp = {Mon, 13 Aug 2018 16:48:52 +0200},
  biburl    = {https://dblp.org/rec/journals/corr/BohezVCVSD17.bib},
  bibsource = {dblp computer science bibliography, https://dblp.org}
}
@inproceedings{PatelCKK2017,
author = {Patel, Naman and Choroma≈Ñska, Anna and Krishnamurthy, Prashanth and Khorrami, Farshad},
booktitle={IEEE/RSJ International Conference on Intelligent Robots and Systems (IROS)},
year = {2017},
pages = {1531-1536},
title = {Sensor modality fusion with CNNs for UGV autonomous driving in indoor environments}
}

@misc{AminiRKR19,
  author    = {Alexander Amini and
               Guy Rosman and
               Sertac Karaman and
               Daniela Rus},
  title     = {Variational End-to-End Navigation and Localization},
  journal={arXiv preprint arXiv:1811.10119},
  url       = {http://arxiv.org/abs/1811.1011},
  year      = {2018},
  archivePrefix = {arXiv},
  eprint    = {1811.10119},
  timestamp = {Fri, 30 Nov 2018 12:44:28 +0100},
  biburl    = {https://dblp.org/rec/journals/corr/abs-1811-10119.bib},
  bibsource = {dblp computer science bibliography, https://dblp.org}
}

@inproceedings{BengioCurriculumLearning09,
author = {Bengio, Yoshua and Louradour, J\'{e}r\^{o}me and Collobert, Ronan and Weston, Jason},
title = {Curriculum Learning},
year = {2009},
publisher = {ACM},
booktitle = {Proc. 26th Intern. Conf. on Machine Learning},
pages = {41--48},
numpages = {8},
location = {Montreal, Quebec, Canada},
}
@inproceedings{Kingma14ADAM,
    author = {Kingma, Diederik and Ba, Jimmy},
    year = {2014},
    pages = {},
    title = {Adam: A Method for Stochastic Optimization},
    booktitle = {International Conference on Learning Representations}
}

@misc{baselines,
  author = {Dhariwal, Prafulla and Hesse, Christopher and Klimov, Oleg and Nichol, Alex and Plappert, Matthias and Radford, Alec and Schulman, John and Sidor, Szymon and Wu, Yuhuai and Zhokhov, Peter},
  title = {{OpenAI} {B}aselines},
  howpublished = {\url{https://github.com/openai/baselines}}
}

@inproceedings{Beazley96SWIG,
author = {Beazley, David M.},
title = {{SWIG:} An Easy to Use Tool for Integrating Scripting Languages with {C and C++}},
year = {1996},
address = {USA},
booktitle = {Proc. 4th Conf. on USENIX Tcl/Tk Workshop},
pages = {15},
volume = {4}
}