


@misc{urdfROS,
  author = {{Robot Operating System}},
  title = {{The Unified Robot Description Format (URDF)}},
  howpublished = {\url{http://wiki.ros.org/urdf}},
  note = {Accessed: 2018-02-15}
}

@inproceedings{taylor2014making,
  title={Making Time Make Sense in Robotic Simulation},
  author={Taylor, James R and Drumwright, Evan M and Parmer, Gabriel},
  booktitle={International Conference on Simulation, Modeling, and Programming for Autonomous Robots},
  pages={1--12},
  year={2014},
  organization={Springer}
}

% ---------------------------------
% RoboSimian (JPL)

@article{karumanchi2017team,
  title={Team RoboSimian: Semi-autonomous Mobile Manipulation at the 2015 DARPA Robotics Challenge Finals},
  author={Karumanchi, Sisir and Edelberg, Kyle and Baldwin, Ian and Nash, Jeremy and Reid, Jason and Bergh, Charles and Leichty, John and Carpenter, Kalind and Shekels, Matthew and Gildner, Matthew and others},
  journal={Journal of Field Robotics},
  volume={34},
  number={2},
  pages={305--332},
  year={2017},
  publisher={Wiley Online Library}
}

@article{hebert2015mobile,
  title={Mobile manipulation and mobility as manipulationâ€”design and algorithms of RoboSimian},
  author={Hebert, Paul and Bajracharya, Max and Ma, Jeremy and Hudson, Nicolas and Aydemir, Alper and Reid, Jason and Bergh, Charles and Borders, James and Frost, Matthew and Hagman, Michael and others},
  journal={Journal of Field Robotics},
  volume={32},
  number={2},
  pages={255--274},
  year={2015},
  publisher={Wiley Online Library}
}

% ---------------------------------

@misc{siminroboticsWorkshop2018,
	author = {Byravan, A. and Fox, D. and Meier, F. and Negrut, D.},
	title = {{NSF-DOD-NIST Workshop: Simulation-Enabled Design of Intelligent Robots: Challenges and Opportunities -- \url{https://sbel.wisc.edu/simulation-in-robotics-2018/}}},
	date = {April 17, 2018},
	url = {\url{https://sbel.wisc.edu/simulation-in-robotics-2018/}}
}

@misc{CoRLpaperVideos2020,
    title = {{CoRL paper simulations}},
    howpublished = {\url{https://tinyurl.com/yxqawecz}},
    author = {},
    year = {2020}
}


@misc{CoRLsupportData2020,
    title = {{CoRL models, scripts, data}},
    howpublished = {\url{https://tinyurl.com/y23bnf9h}},
    author = {},
    year = {2020}
}


@inproceedings{sim2realGapEssex1995,
    title={Noise and the reality gap: The use of simulation in evolutionary robotics},
    author={Jakobi, Nick and Husbands, Phil and Harvey, Inman},
    booktitle={European Conf. on Artificial Life},
    pages={704--720},
    year={1995},
    organization={Springer}
}
