@TECHREPORT{Haley-1979,
  author = {P.W. Haley and M.P. Jurkat and P.M. Brady},
  title = {{``NATO Reference Mobility Model''}},
  institution = {U.S. Army TARDEC},
  year = {1979},
  type = {Technical Report},
  number = {12503}
}

@MISC{projectChrono,
  author = {\relax Project Chrono},
  title = {{``Chrono: An Open Source Framework for the Physics-Based Simulation of Dynamic Systems''}},
  howpublished = {\url{http://www.projectchrono.org}},
  note = {Accessed: 2018-02-07}
}

@INCOLLECTION{Chrono-2016,
  author = {Tasora, A. and Serban, R. and Mazhar, H. and Pazouki, A. and Melanz, D. and Fleischmann, J. and Taylor, M. and Sugiyama, H. and Negrut, D.},
  title = {{``Chrono: An Open Source Multi-physics Dynamics Engine''}},
  booktitle = {Lecture Notes in Computer Science, in print},
  publisher = {Springer},
  year = {2016},
  editor = {Kozubek, T.},
  pages = {--}
}

@Article{ChronoVehicle2017,
  Title                    = {{``Chrono::Vehicle Template-Based Ground Vehicle Modeling and Simulation''}},
  Author                   = {Serban, R. and Taylor, M. and Negrut, D. and Tasora, A.},
  Journal                  = {Intl. J. Veh. Performance},
  Year                     = {2018},
  volume = {in press},
  number = {},
  pages = {}
}

@Article{ChronoSCM2017,
  Title                    = {{``Deformable Soil with Adaptive Level of Detail for Tracked and Wheeled Vehicles''}},
  Author                   = {Tasora, A. and Mangoni, D. and Negrut, D. and Serban, R. and Jayakumar, P.},
  Journal                  = {Intl. J. Veh. Performance},
  Year                     = {2018},
  volume = {in press},
  number = {},
  pages = {}
}

@Article{armanDEMP-DEMC2017,
  Title                    = {{``Compliant Versus Rigid Contact: A Comparison in the Context of Granular Dynamics''}},
  Author                   = {Pazouki, A. and Kwarta, M. and Williams, K. and Likos, W. and Serban, R. and Jayakumar, J. and Negrut, D.},
  Journal                  = {Phys. Rev. E},
  Volume                   = {96},
  Issue                    = {4},
  Year                     = {2017},
  Doi                      = {DOI: 10.1103/PhysRevE.96.042905}
}

@ARTICLE{Stewart-2000,
  author = {David E. Stewart},
  title = {{Rigid-Body Dynamics with Friction and Impact}},
  journal = {SIAM Review},
  year = {2000},
  volume = {42(1)},
  pages = {3--39}
}

@Article{StTr95,
  Title                    = {{``An Implicit Time-Stepping Scheme for Rigid-Body Dynamics with Inelastic Collisions and Coulomb Friction''}},
  Author                   = {David E. Stewart and Jeffrey C. Trinkle},
  Journal                  = {International Journal for Numerical Methods in Engineering},
  Year                     = {1996},
  Pages                    = {2673--2691},
  Volume                   = {39}
}

@ARTICLE{Anitescu-2006,
  author = {M. Anitescu},
  title = {{``Optimization-Based Simulation of Nonsmooth Rigid Multibody Dynamics''}},
  journal = {Mathematical Programming},
  year = {2006},
  volume = {105},
  pages = {113--143},
  number = {1},
  address = {Secaucus, NJ, USA},
  doi = {http://dx.doi.org/10.1007/s10107-005-0590-7},
  issn = {0025-5610},
  publisher = {Springer-Verlag New York, Inc.}
}

@Article{anicrpo96,
  Title                    = {{``Formulating {3D} Contact Dynamics Problems''}},
  Author                   = {M. Anitescu and J. F. Cremer and F. A. Potra},
  Journal                  = {Mechanics of Structures and Machines},
  Year                     = {1996},
  Pages                    = {405--437},
  Volume                   = {24(4)}
}

@Article{anitescuTasora2008,
  Title                    = {{``An Iterative Approach for Cone Complementarity Problems for Nonsmooth Dynamics''}},
  Author                   = {M. Anitescu and A. Tasora},
  Journal                  = {Computational Optimization and Applications},
  Year                     = {2010},
  Number                   = {2},
  Pages                    = {207-235},
  Volume                   = {47},
  Doi                      = {10.1007/s10589-008-9223-4}
}



@inproceedings{Krenn-2009,
  title={{``SCM -- A soil Contact Model for Multi-body System Simulations''}},
  author={Krenn, Rainer and Hirzinger, Gerd},
  booktitle={11th European Regional Conference of the International Society for Terrain-Vehicle Systems, Bremen, Germany},
  year={2009}
}

@Book{Haug89,
  Title                    = {{``Computer-Aided Kinematics and Dynamics of Mechanical Systems; Volume I''}},
  Author                   = {E. J. Haug},
  Publisher                = {Prentice-Hall},
  Year                     = {1989},
  Address                  = {Englewood Cliffs, New Jersey}
}

@Book{shabana2013,
  Title                    = {{``Dynamics of Multibody Systems''}},
  Author                   = {A. A. Shabana},
  Publisher                = {Cambridge University Press},
  Year                     = {2013},
  Address                  = {Cambridge, England},
  Edition                  = {Fourth}
}

@Book{filippov1988differential,
  Title                    = {{``Differential Equations with Discontinuous Righthand Sides: Control Systems''}},
  Author                   = {A. F. Filippov and F. M. Arscott},
  Publisher                = {Springer},
  Year                     = {1988},
  Volume                   = {18}
}

@Article{Kaufman2012,
  title={{``Geometric Numerical Integration of Inequality Constrained, Nonsmooth Hamiltonian Systems''}},
  author={Kaufman, Danny M and Pai, Dinesh K},
  journal={SIAM Journal on Scientific Computing},
  volume={34},
  number={5},
  pages={A2670--A2703},
  year={2012},
  publisher={SIAM}
}

@Article{hammadTOG2015,
  Title                    = {{``Using Nesterov's Method to Accelerate Multibody Dynamics with Friction and Contact''}},
  Author                   = {Mazhar, H. and Heyn, T. and Tasora, A. and Negrut, D.},
  Journal                  = {ACM Trans. Graph.},
  Year                     = {2015},
  Number                   = {3},
  Volume                   = {34},
  Pages                    = {32:1--32:14},
  Address                  = {New York, NY, USA},
  Publisher                = {ACM}
}

@Article{losupatr97,
  Title                    = {{``On Dynamic Multi-Rigid-Body Contact Problems with Coulomb Friction''}},
  Author                   = {Jeffrey Trinkle and Jong-Shi Pang and Sandra Sudarsky and Grace Lo},
  Journal                  = {Zeitschrift fur angewandte Mathematik und Mechanik},
  Year                     = {1997},
  Pages                    = {267--279},
  Volume                   = {77}
}

% -----------------------

@Article{OSullivan-2011,
  author = {C. {O'Sullivan}},
  title = {{``Particle-Based Discrete Element Modeling: Geomechanics Perspective''}},
  journal = {Int. J. Geomech.},
  year = {2011},
  volume = {11},
  number = {6},
  pages = {449--464}
}

@Article{cundall79,
  Title                    = {{``A Discrete Element Model for Granular Assemblies''}},
  Author                   = {P. Cundall and O. Strack},
  Journal                  = {Geotechnique},
  Year                     = {1979},
  Pages                    = {47-65},
  Volume                   = {29}
}

@Article{kruggelEmdenDEM07,
  Title                    = {{``Review and Extension of Normal Force Models for the Discrete Element Method''}},
  Author                   = {H. Kruggel-Emden and E. Simsek and S. Rickelt and S. Wirtz and V. Scherer},
  Journal                  = {Powder Technology},
  Year                     = {2007},
  Pages                    = {157-173},
  Volume                   = {171}
}

@Article{kruggelEmdenDEM08,
  Title                    = {{``A Study of Tangential Force Laws Applicable to the Discrete Element Method ({DEM}) for Materials with Viscoelastic or Plastic Behavior''}},
  Author                   = {H. Kruggel-Emden and S. Wirtz and V. Scherer},
  Journal                  = {Chem. Eng. Sci.},
  Year                     = {2008},
  Pages                    = {1523-1541},
  Volume                   = {63}
}

@Article{SamieietalDEM13,
  Title                    = {{``Assessment of the Potentials of Implicit Integration Method in Discrete Element Modelling of Granular Matter''}},
  Author                   = {Samiei, K. and Peters, B. and Bolten, M. and Frommer, A.},
  Journal                  = {Computers \& Chemical Engineering},
  Year                     = {2013},
  Pages                    = {183-193},
  Volume                   = {49}
}

% -----------------------

@Book{ahlvin92,
  Title                    = {{``NATO Reference Mobility Model: Edition II. NRMM User's Guide''}},
  Author                   = {Ahlvin, R. B. and Haley, P. W.},
  Publisher                = {U.S. Army Engineer Waterways Experiment Station},
  Year                     = {1992},
  Type                     = {Book}
}

@Conference{McCullough2016,
  author    = {McCullough, M. and Jayakumar, P. and Dasch, J. and Gorsich, D.},
  Title     = {{``The Next Generation NATO Reference Mobility Model Development''}},
  booktitle = {Proc. 8th Americas Regional Conference of the International Society for Terrain-Vehicle Systems},
  year      = {2016},
  date      = {September},
  location  = {Troy, Michigan}
}

