% This should only be specific to sensor models
% refs for general papers about simulation platforms and tools should be either AV or Robotics, unless they have a discussion about specific sensor models

%%%%%%%%%%%%%%%%%%%%%%%%%%%%%%%%%%%%%%%%%%%%%%%%%%%%%%%%%
%=================== General/Multiple ===================
%%%%%%%%%%%%%%%%%%%%%%%%%%%%%%%%%%%%%%%%%%%%%%%%%%%%%%%%%


%2017Shah – AirSim: High-Fidelity Visual and Physical Simulation for Autonomous Vehicles
@inproceedings{shah2017AirSim,
	title={AirSim: High-fidelity visual and physical simulation for autonomous vehicles},
	author={Shah, Shital and Dey, Debadeepta and Lovett, Chris and Kapoor, Ashish},
	booktitle={Field and service robotics},
	pages={621--635},
	year={2018},
	organization={Springer}
}

%VANE
@incollection{goodin2012virtual,
	title={The virtual autonomous navigation environment: High fidelity simulations of sensor, environment, and terramechanics for robotics},
	author={Goodin, C and George, TR and Cummins, CL and Durst, PJ and Gates, BQ and McKinley, GB},
	booktitle={Earth and Space 2012: Engineering, Science, Construction, and Operations in Challenging Environments},
	pages={1441--1447},
	year={2012}
}

@inproceedings{goodinVANEshort2009,
    title={Sensor modeling for the virtual autonomous navigation environment},
    author={Goodin, Chris and Kala, Raju and Carrillo, Alex and Liu, Linda},
    booktitle={SENSORS, 2009 IEEE},
    pages={1588--1592},
    year={2009},
    organization={IEEE}
}

%2018Tian – DeepTest: Automated Testing of Deep-Neural-Network-driven Autonomous Cars 
@inproceedings{tian2018deeptest,
	title={Deeptest: Automated testing of deep-neural-network-driven autonomous cars},
	author={Tian, Yuchi and Pei, Kexin and Jana, Suman and Ray, Baishakhi},
	booktitle={Proceedings of the 40th International Conference on Software Engineering},
	pages={303--314},
	year={2018},
	organization={ACM}
}




%%%%%%%%%%%%%%%%%%%%%%%%%%%%%%%%%%%%%%%%%%%%%%
%=================== Lidar ===================
%%%%%%%%%%%%%%%%%%%%%%%%%%%%%%%%%%%%%%%%%%%%%%


%2008Peinecke-Lidar – Lidar simulation using graphics hardware acceleration 
@inproceedings{peinecke2008Lidar,
	title={Lidar simulation using graphics hardware acceleration},
	author={Peinecke, Niklas and Lueken, Thomas and Korn, Bernd R},
	booktitle={Digital Avionics Systems Conference, 2008. DASC 2008. IEEE/AIAA 27th},
	pages={4--D},
	year={2008},
	organization={IEEE}
}

%2012Wang – Shader-based Sensor Simulation for Autonomous Car Testing 
@inproceedings{wang2012shader,
	title={Shader-based sensor simulation for autonomous car testing},
	author={Wang, Shuiying and Heinrich, Steffen and Wang, Miao and Rojas, Ra{\'u}l},
	booktitle={Intelligent Transportation Systems (ITSC), 2012 15th International IEEE Conference on},
	pages={224--229},
	year={2012},
	organization={IEEE}
}

%2016Majek – Range Sensors Simulation Using GPU Ray Tracing 
@inproceedings{majek2016range,
	title={Range Sensors Simulation Using {GPU} Ray Tracing},
	author={Majek, Karol and Bedkowski, Janusz},
	booktitle={Proceedings of the 9th International Conference on Computer Recognition Systems CORES 2015},
	pages={831--840},
	year={2016},
	organization={Springer}
}

%2017Davar – Virtual Generation of Lidar Data for Autonomous Vehicles 
@techreport{davar2017virtual,
	title={Virtual Generation of Lidar Data for Autonomous Vehicles},
	author={Davar, Sherry Alld{\'e}n and Chemander, Tobias and Jansson, Martin and Jonathan Laurenius, Rickard and Tibom, Philip},
	institution={Chalmers University of Technology},
	url={https://gupea.ub.gu.se/bitstream/2077/53342/1/gupea\_2077\_53342\_1.pdf},
	year={2017}
}

%2016Emde – Virtual Prototype for Robotics Applications: Laser Scanner Simulation with Adaptable Pattern
@article{emde2016virtual,
	title={Virtual Prototype for Robotics Applications: Laser Scanner Simulation with Adaptable Pattern.},
	author={Emde, Markus and Rossmann, Juergen},
	journal={International Journal of Simulation--Systems, Science \& Technology},
	volume={17},
	number={34},
	year={2016}
}

@article{goodin2018enabling,
	title={Enabling off-road autonomous navigation-simulation of LIDAR in dense vegetation},
	author={Goodin, Christopher and Doude, Matthew and Hudson, Christopher and Carruth, Daniel},
	journal={Electronics},
	volume={7},
	number={9},
	pages={154},
	year={2018},
	publisher={Multidisciplinary Digital Publishing Institute}
}

@article{goodin2019predicting,
	title={Predicting the Influence of Rain on LIDAR in ADAS},
	author={Goodin, Christopher and Carruth, Daniel and Doude, Matthew and Hudson, Christopher},
	journal={Electronics},
	volume={8},
	number={1},
	pages={89},
	year={2019},
	publisher={Multidisciplinary Digital Publishing Institute}
}





%%%%%%%%%%%%%%%%%%%%%%%%%%%%%%%%%%%%%%%%%%%%%%
%=================== Radar ===================
%%%%%%%%%%%%%%%%%%%%%%%%%%%%%%%%%%%%%%%%%%%%%%


%2006Chen – Micro-Doppler Effect in Radar Phenomenon, Model, and Simulation Study 
@article{chen2006radar,
	title={Micro-Doppler effect in radar: phenomenon, model, and simulation study},
	author={Chen, Victor C and Li, Fayin and Ho, S-S and Wechsler, Harry},
	journal={IEEE Transactions on Aerospace and electronic systems},
	volume={42},
	number={1},
	pages={2--21},
	year={2006},
	publisher={IEEE}
}

%2005Brooker – Long-Range Imaging Radar for Autonomous Navigation 
@article{brooker2005long,
	title={Long-range imaging radar for autonomous navigation},
	author={Brooker, Graham Michael},
	year={2005},
	publisher={University of Sydney. Aerospace, Mechanical and Mechatronic Engineering}
}

%2008Peinecke-Radar – Simulation of imaging radar using graphics hardware acceleration 
@inproceedings{peinecke2008radar,
	title={Simulation of imaging radar using graphics hardware acceleration},
	author={Peinecke, Niklas and Doehler, Hans-Ullrich and Korn, Bernd R},
	booktitle={Enhanced and Synthetic Vision 2008},
	volume={6957},
	pages={69570L},
	year={2008},
	organization={International Society for Optics and Photonics}
}

%2001Mametsa – Imaging radar simulation in realistic environment using shooting and bouncing rays technique 
@inproceedings{mametsa2001imaging,
	title={Imaging radar simulation in realistic environment using shooting and bouncing rays technique},
	author={Mametsa, Henri-Jose and Rouas, Frederic and Berges, Andre and Latger, Jean},
	booktitle={SAR Image Analysis, Modeling, and Techniques IV},
	volume={4543},
	pages={34--41},
	year={2002},
	organization={International Society for Optics and Photonics}
}




%%%%%%%%%%%%%%%%%%%%%%%%%%%%%%%%%%%%%%%%%%%%%%%
%=================== Camera ===================
%%%%%%%%%%%%%%%%%%%%%%%%%%%%%%%%%%%%%%%%%%%%%%%


%2017Jayaraman – Creating 3D Virtual Driving Environments for Simulation Aided Development of Autonomous Driving and Active Safety 
@techreport{jayaraman2017creating,
	title={Creating 3D Virtual Driving Environments for Simulation-Aided Development of Autonomous Driving and Active Safety},
	author={Jayaraman, Arvind and Micks, Ashley and Gross, Ethan},
	year={2017},
	institution={SAE Technical Paper}
}

%2016Steil – Development and Testing of a Virtual Reality Testbed for Camera Simulation in Rendezvous and Docking Scenarios 
@article{steil2016development,
	title={Development and Testing of a Virtual Reality Testbed for Camera Simulation in Rendezvous and Docking Scenarios.},
	author={Steil, Thomas and Ro{\ss}mann, J{\"u}rgen},
	journal={International Journal of Simulation--Systems, Science \& Technology},
	volume={17},
	number={34},
	year={2016}
}

%2016Hasirlioglu – Modeling and Simulation of Rain for the Test of Automotive Sensor Systems 
@inproceedings{hasirlioglu2016modeling,
	title={Modeling and simulation of rain for the test of automotive sensor systems},
	author={Hasirlioglu, Sinan and Doric, Igor and Lauerer, Christian and Brandmeier, Thomas},
	booktitle={Intelligent Vehicles Symposium (IV), 2016 IEEE},
	pages={286--291},
	year={2016},
	organization={IEEE}
}

%2010Hasinoff – Noise-Optimal Capture for High Dynamic Range Photography 
@inproceedings{hasinoff2010noise,
	title={Noise-optimal capture for high dynamic range photography},
	author={Hasinoff, Samuel W and Durand, Fr{\'e}do and Freeman, William T},
	booktitle={Computer Vision and Pattern Recognition (CVPR), 2010 IEEE Conference on},
	pages={553--560},
	year={2010},
	organization={IEEE}
}

%2009Schmits – An Omnidirectional Camera Simulation for the USARSim World  
@inproceedings{schmits2008omnidirectional,
	title={An omnidirectional camera simulation for the usarsim world},
	author={Schmits, Tijn and Visser, Arnoud},
	booktitle={Robot Soccer World Cup},
	pages={296--307},
	year={2008},
	organization={Springer}
}

%2009Pachur – Real-Time simulation of Motion-Based Camera Disturbances 
@inproceedings{pachur2009real,
	title={Real-time simulation of motion-based camera disturbances},
	author={Pachur, Dennis and Laue, Tim and R{\"o}fer, Thomas},
	booktitle={Robot Soccer World Cup},
	pages={591--601},
	year={2008},
	organization={Springer}
}

%2003Farrell – A simulation tool for evaluating digital camera image quality 
@inproceedings{farrell2003simulation,
	title={A simulation tool for evaluating digital camera image quality},
	author={Farrell, Joyce E and Xiao, Feng and Catrysse, Peter Bert and Wandell, Brian A},
	booktitle={Image Quality and System Performance},
	volume={5294},
	pages={124--132},
	year={2003},
	organization={International Society for Optics and Photonics}
}

%2011Farrell – Digital Camera Simulation 
@article{farrell2011digital,
	title={Digital camera simulation},
	author={Farrell, Joyce E and Catrysse, Peter B and Wandell, Brian A},
	journal={Applied optics},
	volume={51},
	number={4},
	pages={A80--A90},
	year={2012},
	publisher={Optical Society of America}
}

%2008Liu – Automatic Estimation and Removal of Noise from a Single Image 
@article{liu2008automatic,
	title={Automatic estimation and removal of noise from a single image},
	author={Liu, Ce and Szeliski, Richard and Kang, Sing Bing and Zitnick, C Lawrence and Freeman, William T},
	journal={IEEE Transactions on Pattern Analysis and Machine Intelligence},
	volume={30},
	number={2},
	pages={299--314},
	year={2008}
}

@article{shimizu2003hardware,
	title={Hardware accelerated motion blur generation},
	author={Shimizu, Clement and Shesh, Amit and Chen, Baoquan},
	journal={University of Minnesota Computer Science Department Technical Report},
	volume={1},
	pages={2003},
	year={2003},
	publisher={Citeseer}
}

article{walch2018lens,
	title={Lens flare prediction based on measurements with real-time visualization},
	author={Walch, Andreas and Luksch, Christian and Szabo, Attila and Steinlechner, Harald and Haaser, Georg and Schw{\"a}rzler, Michael and Maierhofer, Stefan},
	journal={The Visual Computer},
	volume={34},
	number={9},
	pages={1155--1164},
	year={2018},
	publisher={Springer}
}

@article{garg2007vision,
	title={Vision and rain},
	author={Garg, Kshitiz and Nayar, Shree K},
	journal={International Journal of Computer Vision},
	volume={75},
	number={1},
	pages={3--27},
	year={2007},
	publisher={Springer}
}

@article{rousseau2006realistic,
	title={Realistic real-time rain rendering},
	author={Rousseau, Pierre and Jolivet, Vincent and Ghazanfarpour, Djamchid},
	journal={Computers \& Graphics},
	volume={30},
	number={4},
	pages={507--518},
	year={2006},
	publisher={Elsevier}
}

@inproceedings{garg2006photorealistic,
	title={Photorealistic rendering of rain streaks},
	author={Garg, Kshitiz and Nayar, Shree K},
	booktitle={ACM Transactions on Graphics (TOG)},
	volume={25},
	issue={3},
	pages={996--1002},
	year={2006},
	organization={ACM}
}

@article{hussain2017stereo,
	title={Stereo rendering of photorealistic precipitation},
	author={Hussain, Syed and Mcallister, David F},
	journal={Electronic Imaging},
	volume={2017},
	number={5},
	pages={158--166},
	year={2017},
	publisher={Society for Imaging Science and Technology}
}

@article{fu2017clearing,
	title={Clearing the skies: A deep network architecture for single-image rain removal},
	author={Fu, Xueyang and Huang, Jiabin and Ding, Xinghao and Liao, Yinghao and Paisley, John},
	journal={IEEE Transactions on Image Processing},
	volume={26},
	number={6},
	pages={2944--2956},
	year={2017},
	publisher={IEEE}
}

@article{weber2015multiscale,
	title={A multiscale model for rain rendering in real-time},
	author={Weber, Yoann and Jolivet, Vincent and Gilet, Guillaume and Ghazanfarpour, Djamchid},
	journal={Computers \& Graphics},
	volume={50},
	pages={61--70},
	year={2015},
	publisher={Elsevier}
}

@inproceedings{hospach2016simulation,
	title={Simulation of falling rain for robustness testing of video-based surround sensing systems},
	author={Hospach, Dennis and Mueller, Stefan and Rosenstiel, Wolfgang and Bringmann, Oliver},
	booktitle={2016 Design, Automation \& Test in Europe Conference \& Exhibition},
	pages={233--236},
	year={2016},
	organization={IEEE}
}

@inproceedings{li2016rain,
	title={Rain streak removal using layer priors},
	author={Li, Yu and Tan, Robby T and Guo, Xiaojie and Lu, Jiangbo and Brown, Michael S},
	booktitle={Proceedings of the IEEE conference on computer vision and pattern recognition},
	pages={2736--2744},
	year={2016}
}

@article{wong2015hybrid,
	title={Hybrid-based snow simulation and snow rendering with shell textures},
	author={Wong, Sai-Keung and Fu, I-Ting},
	journal={Computer Animation and Virtual Worlds},
	volume={26},
	number={3-4},
	pages={413--421},
	year={2015},
	publisher={Wiley Online Library}
}

@article{wang2006real,
	title={Real-time snowing simulation},
	author={Wang, Changbo and Wang, Zhangye and Xia, Tian and Peng, Qunsheng},
	journal={The Visual Computer},
	volume={22},
	number={5},
	pages={315--323},
	year={2006},
	publisher={Springer}
}

@inproceedings{ohlsson2004real,
	title={Real-time rendering of accumulated snow},
	author={Ohlsson, Per and Seipel, Stefan},
	booktitle={The Annual SIGRAD Conference. Special Theme-Environmental Visualization},
	number={013},
	pages={25--31},
	year={2004},
	organization={Link{\"o}ping University Electronic Press}
}

@inproceedings{li2017photo,
	title={Photo-realistic simulation of road scene for data-driven methods in bad weather},
	author={Li, Kunming and Li, Yu and You, Shaodi and Barnes, Nick},
	booktitle={Proceedings of the IEEE International Conference on Computer Vision},
	pages={491--500},
	year={2017}
}


@inproceedings{grossberg2003space,
	title={What is the space of camera response functions?},
	author={Grossberg, Michael D and Nayar, Shree K},
	booktitle={2003 IEEE Computer Society Conference on Computer Vision and Pattern Recognition, 2003. Proceedings.},
	volume={2},
	pages={II--602},
	year={2003},
	organization={Citeseer}
}

@inproceedings{malvar2004high,
	title={High-quality linear interpolation for demosaicing of Bayer-patterned color images},
	author={Malvar, Henrique S and He, Li-Wei and Cutler, Ross},
	booktitle={2004 IEEE International Conference on Acoustics, Speech, and Signal Processing},
	volume={3},
	pages={iii--485},
	year={2004},
	organization={IEEE}
}




%%%%%%%%%%%%%%%%%%%%%%%%%%%%%%%%%%%%%%%%%%%%
%=================== GPS ===================
%%%%%%%%%%%%%%%%%%%%%%%%%%%%%%%%%%%%%%%%%%%%

%2008Carpin – Where Am I? A Simulated GPS Sensor for Outdoor Robotic Applications 
@inproceedings{balaguer2008gps,
	title={{Where Am I? A Simulated GPS Sensor for Outdoor Robotic Applications}},
	author={Balaguer, Benjamin and Carpin, Stefano},
	booktitle={International Conference on Simulation, Modeling, and Programming for Autonomous Robots},
	pages={222--233},
	year={2008},
	organization={Springer}
}

@manual{gpsStandard,
	number = {GPS SPS PS},
	month = Sep,
	year = {2008},
	title = {Global Positioning System Standard Position Service Performance Standard},
	organization = {Department of Defense, United States of America}
}





%=================== IMU ===================

@article{durst2012high,
	title={High fidelity modelling and simulation of inertial sensors commonly used by autonomous mobile robots},
	author={Durst, Phillip Jefferson and Goodin, Christopher},
	journal={World Journal of Modelling and Simulation},
	volume={8},
	number={3},
	pages={172--184},
	year={2012},
	publisher={Citeseer}
}




%=================== ML/GANS for Sensing Simulation ===============

%2018Karras – Progressive Growing of GANs for Improved Quality, Stability, and Variation 
@article{karras2017progressive,
	title={{Progressive growing of GANs for improved quality, stability, and variation}},
	author={Karras, Tero and Aila, Timo and Laine, Samuli and Lehtinen, Jaakko},
	journal={arXiv preprint arXiv:1710.10196},
	year={2017}
}

%2014Gauthier – Conditional Generative Adversarial Nets for Convolutional Face Generation 
@article{gauthier2014conditional,
	title={Conditional generative adversarial nets for convolutional face generation},
	author={Gauthier, Jon},
	journal={Class Project for Stanford CS231N: Convolutional Neural Networks for Visual Recognition, Winter semester},
	volume={2014},
	number={5},
	pages={2},
	year={2014}
}

%2017Liu – Unsupervised Image-to-Image Translation Networks 
@inproceedings{liu2017unsupervised,
	title={Unsupervised image-to-image translation networks},
	author={Liu, Ming-Yu and Breuel, Thomas and Kautz, Jan},
	booktitle={Advances in Neural Information Processing Systems},
	pages={700--708},
	year={2017}
}

%2014JaderBerg – Synthetic Data and Artificial Neural Networks for Natural Scene Text Recognition 
@article{jaderberg2014synthetic,
	title={Synthetic data and artificial neural networks for natural scene text recognition},
	author={Jaderberg, Max and Simonyan, Karen and Vedaldi, Andrea and Zisserman, Andrew},
	journal={arXiv preprint arXiv:1406.2227},
	year={2014}
}

%2018Lu – Attribute-Guided Face Generation Using Conditional CycleGAN 
@inproceedings{lu2018attribute,
	title={Attribute-Guided Face Generation Using Conditional CycleGAN},
	author={Lu, Yongyi and Tai, Yu-Wing and Tang, Chi-Keung},
	booktitle={European Conference on Computer Vision},
	pages={293--308},
	year={2018},
	organization={Springer}
}

%2016Zhao – Energy-Based Generative Adversarial Networks 
@article{zhao2016energy,
	title={Energy-based generative adversarial network},
	author={Zhao, Junbo and Mathieu, Michael and LeCun, Yann},
	journal={arXiv preprint arXiv:1609.03126},
	year={2016}
}

%2017Ledig – Photo-Realistic Single Image Super-Resolution Using a Generative Adversarial Network
@inproceedings{ledig2017photo,
	title={Photo-realistic single image super-resolution using a generative adversarial network},
	author={Ledig, Christian and Theis, Lucas and Husz{\'a}r, Ferenc and Caballero, Jose and Cunningham, Andrew and Acosta, Alejandro and Aitken, Andrew and Tejani, Alykhan and Totz, Johannes and Wang, Zehan and others},
	booktitle={2017 IEEE Conference on Computer Vision and Pattern Recognition (CVPR)},
	pages={105--114},
	year={2017},
	organization={IEEE}
}

%2018Zhang – DeepRoad: GAN-based Metamorphic Autonomous Driving System Testing 
@article{zhang2018deeproad,
	title={DeepRoad: GAN-based Metamorphic Autonomous Driving System Testing},
	author={Zhang, Mengshi and Zhang, Yuqun and Zhang, Lingming and Liu, Cong and Khurshid, Sarfraz},
	journal={arXiv preprint arXiv:1802.02295},
	year={2018}
}

%2017Zhu – Unpaired Image-to-Image Translation using Cycle-Consistent Adversarial Networks 
@article{zhu2017unpaired,
	title={Unpaired image-to-image translation using cycle-consistent adversarial networks},
	author={Zhu, Jun-Yan and Park, Taesung and Isola, Phillip and Efros, Alexei A},
	journal={arXiv preprint},
	year={2017}
}

@inproceedings{goodfellow2014generative,
	title={Generative adversarial nets},
	author={Goodfellow, Ian and Pouget-Abadie, Jean and Mirza, Mehdi and Xu, Bing and Warde-Farley, David and Ozair, Sherjil and Courville, Aaron and Bengio, Yoshua},
	booktitle={Advances in neural information processing systems},
	pages={2672--2680},
	year={2014}
}

@inproceedings{isola2017image,
	title={Image-to-image translation with conditional adversarial networks},
	author={Isola, Phillip and Zhu, Jun-Yan and Zhou, Tinghui and Efros, Alexei A},
	booktitle={Proceedings of the IEEE conference on computer vision and pattern recognition},
	pages={1125--1134},
	year={2017}
}

@article{karras2018style,
	title={A style-based generator architecture for generative adversarial networks},
	author={Karras, Tero and Laine, Samuli and Aila, Timo},
	journal={arXiv preprint arXiv:1812.04948},
	year={2018}
}

@misc{cuDNN2014,
    title = {{NVIDIA cuDNN}},
    organization = {{NVIDIA}},
    howpublished = {\url{https://developer.nvidia.com/cudnn}},
    note = {Accessed: 2020-04-15}
}


%%%%%%%%%%%%%%%%%%%%%%%%%%%%%%%%%%%%%%%%%%%%%%%%%%%%%%%%%%%%
%================== Software/Graphics/Datasets/Misc ========
%%%%%%%%%%%%%%%%%%%%%%%%%%%%%%%%%%%%%%%%%%%%%%%%%%%%%%%%%%%%

@inproceedings{nvidiaRTX,
	author = {{NVIDIA Corporation}},
	title = {{NVIDIA Turing GPU Architecture}},
	type = {White Paper},
	year = {2018},
	note = {{WP-09183-001 v01}}
}

@techreport{sickMRS6000,
	type = {Manual},
	key = {8022069},
	year = {2018},
	title = {{MRS6000 3D LiDAR Sensors}},
	institution = {SICK}
}

@techreport{sickLidarSpec,
	type = {Manual},
	key = {8014631},
	year = {2018},
	title = {{Telegram Listing}},
	institution = {SICK}
}

@InProceedings{Ros_2016_CVPR,
	author = {Ros, German and Sellart, Laura and Materzynska, Joanna and Vazquez, David and Lopez, Antonio M.},
	title = {The SYNTHIA Dataset: A Large Collection of Synthetic Images for Semantic Segmentation of Urban Scenes},
	booktitle = {The IEEE Conference on Computer Vision and Pattern Recognition (CVPR)},
	month = {June},
	year = {2016}
}

@inproceedings{bezryadin2007brightness,
	title={Brightness calculation in digital image processing},
	author={Bezryadin, Sergey and Bourov, Pavel and Ilinih, Dmitry},
	booktitle={International symposium on technologies for digital photo fulfillment},
	volume={2007},
	number={1},
	pages={10--15},
	year={2007},
	organization={Society for Imaging Science and Technology}
}

@article{thrun2008simultaneous,
	title={Simultaneous localization and mapping},
	author={Thrun, Sebastian and Leonard, John J},
	journal={Springer handbook of robotics},
	pages={871--889},
	year={2008},
	publisher={Springer}
}

@inproceedings{nister2004visual,
	title={Visual odometry},
	author={Nist{\'e}r, David and Naroditsky, Oleg and Bergen, James},
	booktitle={Proceedings of the 2004 IEEE Computer Society Conference on Computer Vision and Pattern Recognition, 2004. CVPR 2004.},
	volume={1},
	pages={I--I},
	year={2004},
	organization={Ieee}
}


%Keras
@misc{chollet2015keras,
	title={Keras},
	author={Chollet, Fran\c{c}ois and others},
	year={2015},
	howpublished={\url{https://keras.io}},
}

%Tensorflow
@inproceedings{tensorflow,
	title	= {TensorFlow: A system for large-scale machine learning},
	author	= {Martin Abadi and Paul Barham and Jianmin Chen and Zhifeng Chen and Andy Davis and Jeffrey Dean and Matthieu Devin and Sanjay Ghemawat and Geoffrey Irving and Michael Isard and Manjunath Kudlur and Josh Levenberg and Rajat Monga and Sherry Moore and Derek G. Murray and Benoit Steiner and Paul Tucker and Vijay Vasudevan and Pete Warden and Martin Wicke and Yuan Yu and Xiaoqiang Zheng},
	year	= {2016},
	URL	= {https://www.usenix.org/system/files/conference/osdi16/osdi16-abadi.pdf},
	booktitle	= {12th USENIX Symposium on Operating Systems Design and Implementation (OSDI 16)},
	pages	= {265--283}
}



%OpenCV
@article{opencv_library,
	author = {Bradski, G.},
	citeulike-article-id = {2236121},
	journal = {Dr. Dobb's Journal of Software Tools},
	keywords = {bibtex-import},
	posted-at = {2008-01-15 19:21:54},
	priority = {4},
	title = {{The OpenCV Library}},
	year = {2000}
}


%Godot
@misc{godot,
	title = {{Godot Engine}},
	howpublished = {\url{https://godotengine.org/}},
	note = {Accessed: 2019-04-02}
}


%Optix
@article{optixNVIDIA,
	author = {Steven G. Parker and James Bigler and Andreas Dietrich and Heiko Friedrich and Jared Hoberock and David Luebke and  David McAllister and Morgan McGuire and Keith Morley and Austin Robison and Martin Stich},
	title = {{OptiX}: A general Purpose Ray Tracing Engine},
	year = {2010},
	month = {August},
	journal = {ACM Transactions on Graphics}
}


%Mitsuba
@misc{Mitsuba,
	Author = {Wenzel Jakob},
	Year = {2010},
	Note = {http://www.mitsuba-renderer.org},
	Title = {Mitsuba renderer}
} 



%Unreal Engine
@misc{software-unreal,
	author = {{Epic Games}},
	title = {{Unreal Engine}},
	howpublished = {\url{https://www.unrealengine.com/}},
	note = {Accessed: 2018-02-06},
	year = {2018}
}

@misc{celestrak,
	author = {T.S. Kelso},
	title = {{CelesTrak}},
	howpublished = {\url{https://www.celestrak.com/}},
	note = {Accessed: 2018-03-20},
	year = {2018}
}


@misc{sensorAwareness,
	author = {Zach Wendt, Jeremy S. Cook},
	title = {{Saved by the Sensor: Vehicle Awareness in the Self-Driving Age}},
	howpublished = {\url{https://www.machinedesign.com/motion-control/saved-sensor-vehicle-awareness-self-driving-age}},
	note = {Accessed: 2018-04-02},
	year = {2018}
}

@misc{continentalMapping,
	title = {{Continental Mapping}},
	howpublished = {\url{https://www.continentalmapping.com/}},
	note = {Accessed: 2019-04-19},
	year = {2019}
}


@inproceedings{goodin2009sensor,
	title={Sensor modeling for the virtual autonomous navigation environment},
	author={Goodin, Chris and Kala, Raju and Carrrillo, Alex and Liu, Linda Y},
	booktitle={SENSORS, 2009 IEEE},
	pages={1588--1592},
	year={2009},
	organization={IEEE}
}

@article{standard20101288,
	title={Standard for characterization of image sensors and cameras},
	author={{EMVA Standard}},
	journal={European Machine Vision Association},
	volume={3},
	year={2010}
}

