@inproceedings{comparisonBulletMuJoCoNewtonODE2019,
    title={Quantifying the reality gap in robotic manipulation tasks},
    author={Collins, Jack and Howard, David and Leitner, Jurgen},
    booktitle={2019 International Conference on Robotics and Automation (ICRA)},
    pages={6706--6712},
    year={2019},
    organization={IEEE}
}

@article{simulatorTuning2020,
    title={Traversing the Reality Gap via Simulator Tuning},
    author={Collins, Jack and Brown, Ross and Leitner, Jurgen and Howard, David},
    journal={arXiv preprint arXiv:2003.01369},
    year={2020}
}

@inproceedings{V-REP2013,
    title={{V-REP}: {A} versatile and scalable robot simulation framework},
    author={Rohmer, Eric and Singh, Surya PN and Freese, Marc},
    booktitle={2013 IEEE/RSJ International Conference on Intelligent Robots and Systems},
    pages={1321--1326},
    year={2013},
    organization={IEEE}
}

@inproceedings{frederickTARDECrobotics2014,
    title={Implementing Robotic Control Algorithms in Open Source and Government Virtual Environments},
    author={Frederick, Philip and Del Rose, Mike and Pirozzo, David and Kania, Robert and Theisen, Bernard and Roth, Stephanie},
    booktitle={NDIA Ground Vehicle Systems Engineering and Technology Symposium},
    year = {2014}
}

@inproceedings{abbeel-ng2006,
    title={Using inaccurate models in reinforcement learning},
    author={Abbeel, Pieter and Quigley, Morgan and Ng, Andrew Y},
    booktitle={Proceedings of the 23rd international conference on Machine learning},
    pages={1--8},
    year={2006}
}

@misc{levineEPOpt2016,
    title={EPOpt: Learning Robust Neural Network Policies Using Model Ensembles},
    author={Aravind Rajeswaran and Sarvjeet Ghotra and Balaraman Ravindran and Sergey Levine},
    year={2016},
    eprint={1610.01283},
    archivePrefix={arXiv},
    primaryClass={cs.LG}
}

@article{inHandManipulation2020,
    title={Learning dexterous in-hand manipulation},
    author={Andrychowicz, Marcin and Baker, Bowen and Chociej, Maciek and Jozefowicz, Rafal and McGrew, Bob and Pachocki, Jakub and Petron, Arthur and Plappert, Matthias and Powell, Glenn and Ray, Alex and Schneider, Jonas  and Sidor, Szymon and Tobin, Josh and Welinder, Peter and Weng, Lilian and Zaremba, Wojciech},
    journal={The International Journal of Robotics Research},
    volume={39},
    number={1},
    pages={3--20},
    year={2020},
    publisher={SAGE Publications Sage UK: London, England}
}

@inproceedings{foxSim2RealClosing2019,
    title={Closing the sim-to-real loop: Adapting simulation randomization with real world experience},
    author={Chebotar, Yevgen and Handa, Ankur and Makoviychuk, Viktor and Macklin, Miles and Issac, Jan and Ratliff, Nathan and Fox, Dieter},
    booktitle={2019 International Conference on Robotics and Automation (ICRA)},
    pages={8973--8979},
    year={2019},
    organization={IEEE}
}

@inproceedings{movementImitationSchaal2002,
    title={Movement imitation with nonlinear dynamical systems in humanoid robots},
    author={Ijspeert, Auke Jan and Nakanishi, Jun and Schaal, Stefan},
    booktitle={Proceedings 2002 IEEE International Conference on Robotics and Automation (Cat. No. 02CH37292)},
    volume={2},
    pages={1398--1403},
    year={2002},
    organization={IEEE}
}

@article{humanInHRI2008,
    title={Prediction of human behavior in human--robot interaction using psychological scales for anxiety and negative attitudes toward robots},
    author={Nomura, Tatsuya and Kanda, Takayuki and Suzuki, Tomohiro and Kato, Kensuke},
    journal={IEEE transactions on robotics},
    volume={24},
    number={2},
    pages={442--451},
    year={2008},
    publisher={IEEE}
}

@inproceedings{sim2realGapEssex1995,
    title={Noise and the reality gap: The use of simulation in evolutionary robotics},
    author={Jakobi, Nick and Husbands, Phil and Harvey, Inman},
    booktitle={European Conference on Artificial Life},
    pages={704--720},
    year={1995},
    organization={Springer}
}

@inproceedings{domainRandomizationAbbeel2017,
    title={Domain randomization for transferring deep neural networks from simulation to the real world},
    author={Tobin, Josh and Fong, Rachel and Ray, Alex and Schneider, Jonas and Zaremba, Wojciech and Abbeel, Pieter},
    booktitle={2017 IEEE/RSJ international conference on intelligent robots and systems (IROS)},
    pages={23--30},
    year={2017},
    organization={IEEE}
}

@inproceedings{rodriguezPushedAround2016,
    title={More than a million ways to be pushed. {A} high-fidelity experimental dataset of planar pushing},
    author={Yu, Kuan-Ting and Bauza, Maria and Fazeli, Nima and Rodriguez, Alberto},
    booktitle={2016 IEEE/RSJ international conference on intelligent robots and systems (IROS)},
    pages={30--37},
    year={2016},
    organization={IEEE}
}

@incollection{rodriguez2020,
    title={Fundamental limitations in performance and interpretability of common planar rigid-body contact models},
    author={Fazeli, Nima and Zapolsky, Samuel and Drumwright, Evan and Rodriguez, Alberto},
    booktitle={Robotics Research},
    pages={555--571},
    year={2020},
    publisher={Springer}
}

@article{tanBulletQuadrupedSim2Real2018,
    title={Sim-to-real: {L}earning agile locomotion for quadruped robots},
    author={Tan, Jie and Zhang, Tingnan and Coumans, Erwin and Iscen, Atil and Bai, Yunfei and Hafner, Danijar and Bohez, Steven and Vanhoucke, Vincent},
    journal={arXiv preprint arXiv:1804.10332},
    year={2018}
}

@inproceedings{USARSim2007,
    title={{USARSim}: a robot simulator for research and education},
    author={Carpin, Stefano and Lewis, Mike and Wang, Jijun and Balakirsky, Stephen and Scrapper, Chris},
    booktitle={Proceedings 2007 IEEE International Conference on Robotics and Automation},
    pages={1400--1405},
    year={2007},
    organization={IEEE}
}

@misc{alliedMarketResearch,
    author = {\relax{Allied Market Research}},
    year = {2015},
    title = {{Robotics Technology Market by Type}},
    howpublished = {\url{https://www.alliedmarketresearch.com/robotics-technology-market}},
    note = {Accessed: 2018-02-09}
    
}

@misc{nsfWorkshopRobo2018,
    author = {{Byranvan, A. and Fox, D. and Meier, F. and Negrut, D.}},
    title = {{NSF/NIST/DOD Workshop on Using Modeling and Simulation in Robotics}},
    howpublished = {\url{https://www.nist.gov/news-events/events/2018/04/simulation-and-machine-learning-robotics}},
    year = {2018},
    note = {Accessed: 2018-12-09}
}

@misc{finalReportWorkshopRobo2018,
    author = {{Anderson, S. and Boots, B. and Byravan, A. and Drumwright, E. and Duriez, C. and Fox, D. and Hager, G. and Hodgins, J. and Jain, A. and Kapoor, A. and Koditschek, D. and Koenig, N. and Lee, E. and Li, C. and Liu, K. and Meier, F. and Negrut, D. and Rajhans, A. and Righetti, L. and Rodriguez, A. and Schaal, S. and Tan, J. and Tassa, Y. and , E. and Trinkle, J.}},
    title = {{Final Report and Working Documents: NSF/NIST/DOD Workshop on Using Modeling and Simulation in Robotics}},
    howpublished = {\url{https://sbel.wisc.edu/simulation-in-robotics-2018/}},
    note = {Accessed: 2019-01-04},
    year = {2018}
}


@book{ljung1999,
    title={{System identification: Theory for the user}},
    author={Lennart Ljung},
    year={1999},
    edition={2nd},
    publisher={Prentice Hall},
    address={Saddle River, New Jersey}
}

@article{overviewSwarmRobotics2013,
    title={Research advance in swarm robotics},
    author={Tan, Ying and Zheng, Zhong-yang},
    journal={Defence Technology},
    volume={9},
    number={1},
    pages={18--39},
    year={2013},
    publisher={Elsevier}
}

@article{duriez2018,
    title={Fast, generic, and reliable control and simulation of soft robots using model order reduction},
    author={Goury, Olivier and Duriez, Christian},
    journal={IEEE Transactions on Robotics},
    volume={34},
    number={6},
    pages={1565--1576},
    year={2018},
    publisher={IEEE}
}

@article{winfield2018,
    title={Ethical governance is essential to building trust in robotics and artificial intelligence systems},
    author={Winfield, Alan FT and Jirotka, Marina},
    journal={Philosophical Transactions of the Royal Society A: Mathematical, Physical and Engineering Sciences},
    volume={376},
    number={2133},
    pages={20180085},
    year={2018},
    publisher={The Royal Society Publishing}
}

@article{learningRoboticSurgery2012,
    title={Training and learning robotic surgery, time for a more structured approach: a systematic review},
    author={Schreuder, Henk WR and Wolswijk, Richard and Zweemer, Ronald P and Schijven, Marlies P and Verheijen, Ren{\'e} HM},
    journal={BJOG: An International Journal of Obstetrics \& Gynaecology},
    volume={119},
    number={2},
    pages={137--149},
    year={2012},
    publisher={Wiley Online Library}
}

@article{adversarialAttackDLVision2018threat,
    title={Threat of adversarial attacks on deep learning in computer vision: {A} survey},
    author={Akhtar, Naveed and Mian, Ajmal},
    journal={IEEE Access},
    volume={6},
    pages={14410--14430},
    year={2018},
    publisher={IEEE}
}

@article{specificationVerification2019,
    title={Formal specification and verification of autonomous robotic systems: A survey},
    author={Luckcuck, Matt and Farrell, Marie and Dennis, Louise A and Dixon, Clare and Fisher, Michael},
    journal={ACM Computing Surveys (CSUR)},
    volume={52},
    number={5},
    pages={1--41},
    year={2019},
    publisher={ACM New York, NY, USA}
}

@inproceedings{chenneySamplingMBD2000,
    title={Sampling plausible solutions to multi-body constraint problems},
    author={Chenney, Stephen and Forsyth, David},
    booktitle={Proceedings of the 27th annual conference on Computer graphics and interactive techniques},
    pages={219--228},
    year={2000}
}

@inproceedings{simmonsFoxMultiRobot2000,
    title={Coordination for multi-robot exploration and mapping},
    author={Simmons, Reid and Apfelbaum, David and Burgard, Wolfram and Fox, Dieter and Moors, Mark and Thrun, Sebastian and Younes, H{\aa}kan},
    booktitle={Aaai/Iaai},
    pages={852--858},
    year={2000}
}

@article{albani2007,
    title={Virtual reality-assisted robotic surgery simulation},
    author={Albani, Justin M and Lee, David I},
    journal={Journal of Endourology},
    volume={21},
    number={3},
    pages={285--287},
    year={2007},
    publisher={Mary Ann Liebert, Inc. 2 Madison Avenue Larchmont, NY 10538 USA}
}

@incollection{humanBehaviorRobotics2007,
    title={Human computing and machine understanding of human behavior: A survey},
    author={Pantic, Maja and Pentland, Alex and Nijholt, Anton and Huang, Thomas S},
    booktitle={Artifical Intelligence for Human Computing},
    pages={47--71},
    year={2007},
    publisher={Springer}
}

@article{sociallyInteractiveRobotsSurvey2003,
    title={A survey of socially interactive robots},
    author={Fong, Terrence and Nourbakhsh, Illah and Dautenhahn, Kerstin},
    journal={Robotics and autonomous systems},
    volume={42},
    number={3-4},
    pages={143--166},
    year={2003},
    publisher={Elsevier}
}

@article{robotDeliberation2017,
    title={Deliberation for autonomous robots: A survey},
    author={Ingrand, F{\'e}lix and Ghallab, Malik},
    journal={Artificial Intelligence},
    volume={247},
    pages={10--44},
    year={2017},
    publisher={Elsevier}
}

@article{autonomousSysVerif2013,
    title={Verifying autonomous systems},
    author={Fisher, Michael and Dennis, Louise and Webster, Matt},
    journal={Communications of the ACM},
    volume={56},
    number={9},
    pages={84--93},
    year={2013},
    publisher={ACM New York, NY, USA}
}

@article{surveyRLrobotics2013,
    title={Reinforcement learning in robotics: A survey},
    author={Kober, Jens and Bagnell, Andrew and Peters, Jan},
    journal={The International Journal of Robotics Research},
    volume={32},
    number={11},
    pages={1238--1274},
    year={2013},
    publisher={SAGE Publications Sage UK: London, England}
}

@article{multirobotExploration2005,
    title={Coordinated multi-robot exploration},
    author={Burgard, Wolfram and Moors, Mark and Stachniss, Cyrill and Schneider, Frank E},
    journal={IEEE Transactions on robotics},
    volume={21},
    number={3},
    pages={376--386},
    year={2005},
    publisher={IEEE}
}

@article{surgicalRobotics2015,
    title={Current capabilities and development potential in surgical robotics},
    author={Hoeckelmann, Mathias and Rudas, Imre J and Fiorini, Paolo and Kirchner, Frank and Haidegger, Tamas},
    journal={International Journal of Advanced Robotic Systems},
    volume={12},
    number={5},
    pages={61},
    year={2015},
    publisher={SAGE Publications Sage UK: London, England}
}

@inproceedings{trustInAutomation2017,
    title={Building a framework to manage trust in automation},
    author={Metcalfe, J and Marathe, A and Haynes, B and Paul, V and Gremillion, G and Drnec, K and Atwater, C and Estepp, J and Lukos, J and Carter, E and Nothwang, W},
    booktitle={Micro-and Nanotechnology Sensors, Systems, and Applications IX},
    volume={10194},
    pages={101941U},
    year={2017},
    organization={International Society for Optics and Photonics}
}

@book{modelFreeRoboSurvey2013,
    title={A Survey on Policy Search for Robotics},
    author={Deisenroth, M.P. and Neumann, G. and Peters, J.},
    isbn={9781601987020},
    series={Foundations and Trends{\textregistered} in Robotics Series},
    url={\url{https://books.google.com/books?id=pSBUngEACAAJ}},
    year={2013},
    publisher={Now Publishers}
}

@article{DARPA-VRC2012,  
    author={C. E. {Agüero} and N. {Koenig} and I. {Chen} and H. {Boyer} and S. {Peters} and J. {Hsu} and B. {Gerkey} and S. {Paepcke} and J. L. {Rivero} and J. {Manzo} and E. {Krotkov} and G. {Pratt}},  
    journal={IEEE Transactions on Automation Science and Engineering},   
    title={Inside the Virtual Robotics Challenge: Simulating Real-Time Robotic Disaster Response},   
    year={2015},  
    volume={12},  
    number={2},  
    pages={494-506},
}

@inproceedings{roboticsValidationProcess2007,
    title={Robot simulation physics validation},
    author={Pepper, C and Balakirsky, S and Scrapper, C},
    booktitle={Proceedings of the 2007 Workshop on Performance Metrics for Intelligent Systems},
    pages={97--104},
    year={2007}
}

@incollection{duriezSOFA2012,
    title={Sofa: A multi-model framework for interactive physical simulation},
    author={Faure, Fran{\c{c}}ois and Duriez, Christian and Delingette, Herv{\'e} and Allard, J{\'e}r{\'e}mie and Gilles, Benjamin and Marchesseau, St{\'e}phanie and Talbot, Hugo and Courtecuisse, Hadrien and Bousquet, Guillaume and Peterlik, Igor and others},
    booktitle={Soft tissue biomechanical modeling for computer assisted surgery},
    pages={283--321},
    year={2012},
    publisher={Springer}
}

@article{duriezSoftTisueRealTime2014,
    title={Real-time simulation of contact and cutting of heterogeneous soft-tissues},
    author={Courtecuisse, Hadrien and Allard, J{\'e}r{\'e}mie and Kerfriden, Pierre and Bordas, St{\'e}phane PA and Cotin, St{\'e}phane and Duriez, Christian},
    journal={Medical image analysis},
    volume={18},
    number={2},
    pages={394--410},
    year={2014},
    publisher={Elsevier}
}

@misc{urdfROS,
  author = {{Robot Operating System}},
  title = {{The Unified Robot Description Format (URDF)}},
  howpublished = {\url{http://wiki.ros.org/urdf}},
  year= {2018},
  note = {Accessed: 2018-02-15}
}

@inproceedings{taylor2014making,
  title={Making Time Make Sense in Robotic Simulation},
  author={Taylor, James R and Drumwright, Evan M and Parmer, Gabriel},
  booktitle={International Conference on Simulation, Modeling, and Programming for Autonomous Robots},
  pages={1--12},
  year={2014},
  organization={Springer}
}

@article{simspark2008,
    title={Simspark--concepts and application in the robocup 3{D} soccer simulation league},
    author={Boedecker, Joschka and Asada, Minoru},
    journal={Autonomous Robots},
    volume={174},
    pages={181},
    year={2008}
}

@inproceedings{sim2Real2018, 
    title={Sim-to-Real Transfer of Robotic Control with Dynamics Randomization}, 
    author={X. B. Peng and M. Andrychowicz and W. Zaremba and P. Abbeel}, 
    booktitle={2018 IEEE International Conference on Robotics and Automation (ICRA)}, 
    year={2018}, 
    volume={}, 
    number={}, 
    pages={1-8}, 
    keywords={Robots;Training;Adaptation models;Task analysis;Trajectory;Data models;Robustness}, 
    doi={10.1109/ICRA.2018.8460528}, 
    ISSN={2577-087X}, 
    month={May}
}

% ---------------------------------
% RoboSimian (JPL)

@article{karumanchi2017team,
  title={Team RoboSimian: Semi-autonomous Mobile Manipulation at the 2015 DARPA Robotics Challenge Finals},
  author={Karumanchi, Sisir and Edelberg, Kyle and Baldwin, Ian and Nash, Jeremy and Reid, Jason and Bergh, Charles and Leichty, John and Carpenter, Kalind and Shekels, Matthew and Gildner, Matthew and others},
  journal={Journal of Field Robotics},
  volume={34},
  number={2},
  pages={305--332},
  year={2017},
  publisher={Wiley Online Library}
}

@article{hebert2015mobile,
  title={Mobile manipulation and mobility as manipulation—design and algorithms of RoboSimian},
  author={Hebert, Paul and Bajracharya, Max and Ma, Jeremy and Hudson, Nicolas and Aydemir, Alper and Reid, Jason and Bergh, Charles and Borders, James and Frost, Matthew and Hagman, Michael and others},
  journal={Journal of Field Robotics},
  volume={32},
  number={2},
  pages={255--274},
  year={2015},
  publisher={Wiley Online Library}
}

% ---------------------------------

@misc{siminroboticsWorkshop2018,
	author = {Byravan, A. and Fox, D. and Meier, F. and Negrut, D.},
	title = {{NSF-DOD-NIST Workshop: Simulation-Enabled Design of Intelligent Robots: Challenges and Opportunities -- \url{https://sbel.wisc.edu/simulation-in-robotics-2018/}}},
	date = {April 17, 2018},
	url = {\url{https://sbel.wisc.edu/simulation-in-robotics-2018/}}
}
