% Encoding: UTF-8
@STRING{mcs	= "Mathematics and Computer Science Division, Argonne
		  National Laboratory" }
@STRING{mpb	= "Mathematical Programming, Series~B" }
@STRING{siopt	= "SIAM Journal on Optimization" }

@Article{	  agguperash00,
  author	= "Pankaj K. Agarwal and Leonidas J. Guibas and Sariel
		  Har-Peled and Alexander Rabinovitch and Micha Sharir",
  title		= "Penetration Depth of Two Convex Polytopes in 3D",
  journal	= "Nordic Journal in Computing",
  year		= "2000",
  volume	= "7",
  pages		= "227--240"
}

@Article{	  altman04equilibrium,
  author	= {Eitan Altman and Laura Wynter},
  title		= {Equilibrium, games, and pricing in transportation and
		  telecommunication networks},
  journal	= {Networks and Spatial Economics},
  year		= {2004},
  pages		= {7-21},
  volume	= {4}
}

@Article{	  ani00,
  author	= "Mihai Anitescu",
  title		= "Degenerate nonlinear programming with a quadratic growth
		  condition",
  journal	= "SIAM Journal of Optimization",
  volume	= "10(4)",
  pages		= "1116--1135",
  year		= "2000"
}

@Article{	  ani00nlpulms,
  author	= "Mihai Anitescu",
  title		= "On solving mathematical programs with complementarity
		  constraints as nonlinear programs",
  journal	= "SIAM Journal on Optimization",
  volume	= "15(4)",
  pages		= "1203-1236",
  year		= "2005"
}

@Article{	  ani04a,
  author	= "Mihai Anitescu",
  title		= "On the global convergence of elastic mode approaches for
		  mathematical programs with complementarity constraints",
  journal	= "SIAM Journal of Optimization",
  year		= "2005",
  volumes	= "16(1)",
  pages		= "120-145"
}

@Article{	  ani98,
  author	= "Mihai Anitescu",
  title		= "On the rate of convergence of sequential quadratic
		  programming with nondifferentiable exact penalty function
		  in the presence of constraint degeneracy",
  journal	= "Mathematical Programming",
  volume	= "92",
  pages		= "359--386",
  year		= "2002"
}

@Article{	  ani99sqcqp,
  author	= "Mihai Anitescu",
  title		= "A superlinearly convergent sequential quadratically
		  constrained quadratic programming algorithm for degenerate
		  nonlinear programming",
  journal	= "SIAM Journal of Optimization",
  volume	= "12",
  pages		= "359--386",
  year		= "2002"
}

@Article{anilepo97,
  author  = {Mihai Anitescu and Goran Lesaja and Florian A. Potra},
  journal = {Optimization Methods and Software},
  title   = {Equivalence between different formulations of the linear complementarity problems},
  year    = {1997},
  pages   = {265--290},
  volume  = {7(3-4)},
}

@Article{	  anipala04,
  title		= "Implicit for local effects and explicit for nonlocal
		  effects is unconditionally stable",
  author	= "Mihai Anitescu, Faranak A. Pahlevani and William J.
		  Layton",
  journal	= "Electronic Transactions of Numerical Analysis",
  volume	= "18",
  pages		= "174--187",
  year		= "2004"
}

@TechReport{	  anitescu05elastic,
  author	= "Mihai Anitescu and Paul Tseng and Stephen J. Wright",
  title		= "Elastic-Mode Algorithms for Mathematical Programs with
		  Equilibrium Constraints: Global Convergence and
		  Stationarity Properties",
  number	= "ANL/MCS-P1242-0405",
  institution	= "Mathematics and Computer Science Division, Argonne
		  National Laboratory",
  note		= "submitted to SIOPT",
  year		= "2005"
}

@TechReport{	  anitescu05note,
  author	= {Mihai Anitescu and Dan Negrut and Anter El-Azab and Peter
		  Zapol},
  title		= "A note on the regularity of reduced models obtained by
		  nonlocal quasicontinuum-like approaches",
  number	= "{ANL/MCS--P}1303--1105",
  address	= "Argonne, Illinois",
  institution	= "Argonne National Laboratory",
  year		= "2005",
  note		= {submitted to Mathematical Programming}
}

@Article{	  anitm:05,
  author	= {M. Anitescu},
  title		= {Global Convergence of an Elastic Mode Approach for a Class
		  of Mathematical Programs with Complementarity Constraints},
  journal	= {SIAM J. Optimization},
  year		= {2005},
  volume	= {16},
  number	= {1},
  pages		= {120--145}
}

@Book{		  aspe98,
  author	= "Uri M. Ascher and Linda R. Petzold",
  title		= "Computer methods for ordinary differential equations and
		  differential-algebraic equations",
  publisher	= "Society for Industrial and Applied Mathematics",
  year		= "1998",
  address	= "Philadelphia"
}

@Book{		  atk88,
  author	= "Kendall E. Atkinson",
  title		= "An Introduction to Numerical Analysis",
  publisher	= "John Wiley ans Sons",
  year		= "1988",
  address	= "New York"
}

@TechReport{	  audden:00,
  author	= {C. Audet and J.E. Dennis},
  title		= {A Pattern Search Filter Method for Nonlinear Programming
		  without Derivatives},
  institution	= {CAAM, Rice University},
  year		= {2000},
  number	= {TR00-09},
  address	= {USA}
}

@Article{baalfega98,
  author      = {Paul I. Barton and Rossell J.Allgor and William F. Feehery and Santos Galan},
  journal     = {industrial engineering chemical research},
  title       = {dynamic optimization in a discontinuous world},
  pages       = {966-981},
  volume      = {37},
  abstract    = {in this paper there are several examples of interesting
		  systems that exhibit discontinuous behavior. For example
		  there is a cancer therapy scheduling problem},
  institution = {Department of chemical engineering, Massachusetts Institute of technology},
}

@Book{bcr98:rag,
  author    = {Jacek Bochnak and M. Coste and Marie-Francoise Roy},
  publisher = {Springer},
  title     = {Real Algebraic Geometry},
  year      = {1998},
  address   = {Berlin},
}

@Book{		  be01,
  author	= "John T. Betts",
  publisher	= "Society for Industrial and Applied Mathematics",
  title		= "Practical methods of optimization",
  year		= "2001",
  address	= "Philadelphia, PA"
}

@TechReport{	  bechha,
  author	= "Margaret H. Belknap and Chun-Hung Chen and Patrick T.
		  Harker",
  title		= "A Gradient-Based Method for Analyzing Stochastic
		  Variational Inequalities with One Uncertain Parameter",
  type		= "Working Paper",
  number	= "OPIM Working Paper 00-03-13",
  institution	= "Department of Operations and Information Management,
		  Wharton School",
  year		= "2000"
}

@Article{	  benson.munson:flexible,
  author	= "S. Benson and T. Munson",
  title		= "Flexible Complementarity Solvers for Large-Scale
		  Applications",
  journal	= "Optimization Methods and Software",
  volume	= "21",
  number	= "1",
  year		= "2006",
  pages		= "155--168"
}

@TechReport{	  benson03interior,
  author	= "Hande Y. Benson and Arun Sen and David F. Shanno and
		  Robert J. Vanderbei",
  title		= "Interior-Point Algorithms, Penalty Methods, and
		  Equilibrium Constraints",
  institution	= "Princeton University, Department of Operations Research
		  and Financial Engineering",
  address	= "Princeton, New Jersey",
  year		= "2003",
  type		= "Techreport",
  number	= "ORFE 03-02"
}

@Article{	  benson:2001:csp,
  author	= "Steven J. Benson and Lois Curfman McInnes and Jorge J.
		  Mor{\'e}",
  title		= "A Case Study in the Performance and Scalability of
		  Optimization Algorithms",
  journal	= "{ACM} Transactions on Mathematical Software",
  volume	= "27",
  number	= "3",
  month		= sep,
  year		= "2001",
  pages		= "361--376"
}

@Book{		  ber82,
  author	= "Dimitri P. Bertsekas",
  title		= "Constrained Optimization and {Lagrange} Multiplier Methods",
  publisher	= "Academic Press",
  address	= "New York",
  year		= "1982"
}

@Book{		  ber95,
  author	= "Dimitri P. Bertsekas",
  title		= "Nonlinear Programming",
  publisher	= "Athena Scientific",
  address	= "Belmont, Massachusetts",
  year		= "1995"
}

@Article{bernholdt05component,
  author  = {D. E. Bernholdt and B. A. Allan and R. Armstrong and F. Bertrand and K. Chiu and T. L. Dahlgren and K. Damevski and W. R. Elwasif and T. G. W. Epperly and M. Govindaraju and D. S. Katz and J. A. Kohl and M. Krishnan and G. Kumfert and J. W. Larson and S. Lefantzi and M. J. Lewis and A. D. Malony and L. C. McInnes and J. Nieplocha and B. Norris and S. G. Parker and J. Ray and S. Shende and T. L. Windus and S. Zhou},
  journal = {International Journal of High Performance Computing Applications},
  title   = {A component architecture for high-performance scientific computing},
  year    = {2005},
  note    = {To appear},
}

@Book{		  birge97introduction,
  title		= "Introduction to {S}tochastic {P}rogramming",
  author	= "John R. Birge and Francois Louveaux",
  year		= "1997",
  publisher	= "Springer",
  address	= "New York"
}

@TechReport{	  blmvm,
  author	= "Steven J. Benson and Jorge Mor\'{e}",
  title		= "A Limited-Memory Variable-Metric Algorithm for
		  Bound-Constrained Minimization",
  institution	= "Mathematics and Computer Science Division, Argonne
		  National Laboratory",
  number	= "ANL/MCS-P909-0901",
  year		= "2001"
}

@Article{	  boio95,
  author	= "Frederic Bonnans and Alexander Ioffe",
  title		= "Second-order sufficiency and quadratic growth for
		  nonisolated minima",
  journal	= "Mathematics of Operations Research",
  volume	= "20(4)",
  year		= "1995",
  pages		= "801--819"
}

@Article{	  bon94,
  author	= "Frederic Bonnans",
  title		= "Local analysis of {N}ewton-type methods for variational
		  inequalities and nonlinear programming",
  journal	= "Applied Mathematics and Optimization",
  volume	= "29",
  year		= "1994",
  pages		= "161--186",
  abstract	= "this paper proves a super linear convergence result when
		  the nonlinear program is degenerate but the garage
		  multiplier set has a unique element irrespective of whether
		  strict complementarity holds"
}

@Book{		  bosh00,
  author	= "Frederic Bonnans and Alexander Shapiro",
  title		= "Perturbation Analysis of Optimization Problems",
  publisher	= "Springer-Verlag",
  address	= "New York",
  year		= "2000"
}

@article{iopt2006,
  title={On the implementation of an interior-point filter line-search algorithm for large-scale nonlinear programming},
  author={W{\"a}chter, Andreas and Biegler, Lorenz T},
  journal={Mathematical programming},
  volume={106},
  number={1},
  pages={25--57},
  year={2006},
  publisher={Springer}
}

@InProceedings{	  brco94,
  title		= "Physics-based approach to haptic display",
  author	= "J. Michael Brown and J. Edward Colgate",
  booktitle	= "Proceedings of the 1994 International Symposium on
		  Measurement and Control in Robotics",
  publisher	= "IEEE",
  pages		= "101--106",
  year		= "1994"
}

@Article{	  buleov03,
  author	= "James V. Burke, Adrien S. Lewis and Michael L. Overton",
  title		= "A Robust Gradient Sampling Algorithm for Nonsmooth,
		  Nonconvex Optimization",
  journal	= "SIAM J. Optimization",
  year		= "2003",
  pages		= "submitted"
}

@Article{	  bunch77stable,
  author	= "James R. Bunch and Linda Kaufman",
  title		= "Some stable methods for calculating inertia and solving
		  symmetric linear systems",
  journal	= "Mathematics of Computation",
  volume	= "31",
  year		= "1977",
  pages		= "163--179"
}

@Article{	  burke05robust,
  title		= {A robust gradient sampling algorithm for nonsmooth,
		  nonconvex optimization},
  author	= {James V. Burke and Adrian S. Lewis and Michael L.
		  Overton},
  journal	= siopt,
  volume	= {15},
  number	= {3},
  pages		= {751--779},
  year		= {2005}
}

@Article{	  burke89,
  author	= "James V. Burke",
  title		= "A sequential quadratic programming method for potentially
		  infeasible mathematical programs",
  journal	= "Journal of Mathematical Analysis and Applications",
  year		= "1989",
  volume	= "139",
  pages		= "319 -- 351"
}

@Article{	  burke92,
  author	= "James V. Burke",
  title		= "A Robust Trust Region Method for Constraint Nonlinear
		  Programming Problems",
  journal	= "SIAM Journal on Optimization",
  year		= "1992",
  volume	= "2",
  pages		= "325--347"
}

@Article{	  burkehan,
  author	= "James V. Burke and Shi-Ping Han",
  title		= "A Robust Sequential Quadratic Programming Method",
  journal	= "Mathematical Programming",
  year		= "1989",
  volume	= "43",
  pages		= "277 -- 303"
}

@Article{	  byrdgoulnocewalt04:mp,
  journal	= mpb,
  author	= {R. H. Byrd and N. I. M. Gould and J. Nocedal and R. A.
		  Waltz},
  title		= {An algorithm for nonlinear optimization using linear
		  programming and equality constrained subproblems},
  volume	= 100,
  number	= 1,
  pages		= {27--48},
  year		= 2004
}

@Article{	  cafe96,
  author	= "Menglin Cao and Michael C. Ferris",
  title		= "A pivotal method for affine variational inequalities",
  journal	= "Mathematics of Operations Research",
  volume	= "21",
  pages		= "44--64",
  year		= "1996"
}

@Article{	  cagrho02,
  author	= "Richard J. Caron and Harvey J. Greenberg and Allen G.
		  Holder",
  title		= "Analytic centers and repelling inequalities",
  journal	= "European Journal of Operations Research",
  volume	= "143(2)",
  year		= "2002",
  pages		= "268--290"
}

@Article{	  calamai87projected,
  author	= {Paul H. Calamai and Jorge J. More},
  title		= {Projected gradient methods for linearly constrained
		  problems},
  journal	= {Mathematical Programming},
  volume	= {39},
  year		= {1987},
  pages		= {93--116}
}

@Article{	  canuto82approximation,
  author	= "Claudio Canuto and Alfio Quarteroni",
  title		= "Approximation Results for Orthogonal Polynomials in
		  Sobolev Spaces",
  journal	= "Mathematics of Computation",
  volume	= "38 (157)",
  year		= "1982",
  pages		= "67--86"
}

@Misc{carothers98course,
  author = {Neal Carothers},
  note   = {Available online at {\em http://personal.bgsu.edu/~carother/Approx.html}},
  title  = {A Short Course on Approximation Theory},
  year   = {1998},
}

@InProceedings{carrillo96design,
  author    = {Alex R. Carrillo and David A. Horner and John F. Peters and John E. West},
  booktitle = {Proceedings of the 1996 ACM/IEEE conference on Supercomputing (CDROM)},
  title     = {Design of a large scale discrete element soil model for high performance computing systems},
  year      = {1996},
  address   = {Pittsburgh},
  number    = {51},
}

@Article{	  chenflor:95,
  author	= {Y. Chen and M. Florian},
  title		= {The nonlinear bilevel programming problem: Formulations,
		  regularity and optimality conditions},
  journal	= {Optimization},
  year		= {1995},
  volume	= {32},
  pages		= {193-209}
}

@Article{chfohooltiwy99,
  author  = {S.Y. Chen and Ciprian Foias and Darryl D. Holm and E. Olson and E.S. Titi and S. Wynne},
  journal = {Physics of Fluids},
  title   = {A connection between Camassa-Holm equations and turbulent flows in channels and pipes},
  year    = {1999},
  pages   = {2343--2353},
  volume  = {11},
}

@Article{chifle:03,
  author  = {C.M. Chin and R. Fletcher},
  journal = {Mathematical Programming},
  title   = {On the Global Convergence of an {SLP}-Filter Algorithm that takes {EQP} steps},
  year    = {2003},
  number  = {1},
  pages   = {161--177},
  volume  = {96},
}

@Article{	  christiansen01stochastic,
  author	= "S. Christiansen and Michael Patrickssion and Laura Wynter",
  title		= "Stochastic bilevel programming in structural optimization",
  year		= "2001",
  journal	= "Structural multidisciplinary optimization",
  volume	= "21",
  pages		= "361 -- 371"
}

@InProceedings{	  cline,
  author	= "Michael B. Cline and Dinesh K. Pai",
  title		= "Post-stabilization for rigid body simulation with contact
		  and constraints",
  booktitle	= "Proceedings of the IEEE International Conference in
		  Robotics and Automation",
  publisher	= "IEEE",
  year		= "2003"
}

@Book{		  conn00trust,
  author	= "Andrew Conn and Nick Gould and Philippe Toint",
  title		= "Trust-region methods",
  publisher	= "SIAM",
  address	= "Philadelphia",
  year		= "2000"
}

@Book{		  copast92,
  author	= "Richard W. Cottle and Jong-Shi Pan and Richard E. Stone",
  title		= "The Linear Complementarity Problem",
  publisher	= "Academic Press",
  address	= "Boston",
  year		= "1992"
}

@InProceedings{	  crva94,
  author	= "James F. Cremer and George Vanecek",
  title		= "Building simulations for virtual environments",
  booktitle	= "Proceedings of the IFIP International Workshop on Virtual
		  Environments, Coimbra, Portugal",
  year		= "1994"
}

@Article{	  dafosh67,
  title		= "on the continuity of the minimum set of a continuous
		  function",
  author	= "George B. Danzig and Jon Folkman and Norman Shapiro",
  journal	= "Journal of mathematical analysis and applications",
  volume	= "17",
  year		= "1967"
}

@Article{	  demello03variable,
  author	= "Tito Homem-de-Mello",
  title		= "Variable sample methods for stochastic optimization",
  journal	= "ACM Transactions on computer modeling and simulation",
  year		= "2003",
  pages		= "108 -- 133",
  volume	= "13"
}

@Article{	  dife95,
  author	= "Steve Dirkse and Michael Ferris",
  title		= "The {PATH} Solver: A Non-Monotone Stabilization Scheme for
		  Mixed Complementarity Problems",
  journal	= "Optimization Methods and Software",
  volume	= "5",
  year		= "1995",
  pages		= "123--156"
}

@Article{	  dip89,
  author	= "Gianni Di Pillo and L. Grippo",
  title		= "Exact penalty functions in constrained optimization",
  journal	= "SIAM Journal of Control and Optimization",
  volume	= "27",
  year		= "1989",
  pages		= "1333--1360"
}

@Article{	  doha96,
  title		= "Lipschitzian stability for state constraint nonlinear
		  optimal control",
  author	= "Asen L. Dontchev and William W. Hager",
  journal	= "SIAM Journal of control and Optimization",
  year		= "1996",
  note		= "I have it in hard copy",
  institution	= "University of Florida",
  address	= "Gainesville, Florida",
  pages		= "to appear"
}

@Article{	  dohaku02,
  author	= "Zdenek Dostal and Jaroslav Haslinger and Radek Kucers",
  title		= "Implementation of the fixed-point method in contact
		  problems with Coulomb friction based on a dual splitting
		  type technique",
  journal	= "Journal of Computational and Applied Mathematics",
  volume	= "140",
  year		= "2002",
  pages		= "245--256"
}

@Article{	  dontchev96graves,
  title		= "The Graves Theorem Revisited",
  author	= "Asen L. Dontchev",
  journal	= "Journal of Convex Analysis",
  volume	= "3(1)",
  year		= "1996",
  pages		= "45-53"
}

@Article{	  eenhu03,
  author	= "Weinan E and Bjorn Engquist and Z. Huang",
  title		= "Heterogeneous multi-scale method -- a general methodology
		  for multi-scale modeling",
  journal	= "Phys. Rev. B",
  volume	= "67(9)",
  year		= "2003",
  pages		= "092101-1 -- 092101--12"
}

@Misc{		  eenlireve05,
  author	= "Weinan E and Bjorn Engquist and X Li and W. Ren and E.
		  Vanden-Eijnden",
  title		= "The Heterogeneous Multiscale Method: A Review",
  note		= "Available online at {\em
		  http://www.mcs.anl.gov/otc/Guide}"
}

@Article{	  facchinei97,
  author	= "Francisco Facchinei",
  title		= "a robust recursive quadratic programming algorithm with
		  global and super linear convergence properties",
  journal	= "Journal of optimization theory and applications",
  year		= "1997",
  volume	= "92",
  pages		= "543-579"
}

@Book{		  fea,
  author	= "Roy Featherstone",
  title		= "Robot Dynamics Algorithms",
  publisher	= "Kluwer Academic Publishers",
  address	= "Boston",
  year		= "1987"
}

@Article{	  fekamu99,
  author	= "Michael Ferris and Christian Kanzow and Todd Munson",
  title		= "Feasible Descent Algorithms for Mixed Complementarity
		  Problems",
  journal	= "Mathematical Programming",
  volume	= "86",
  year		= "1999",
  pages		= "475--497"
}

@Article{	  femu99,
  author	= "Michael Ferris and Todd Munson",
  title		= "Interfaces to {PATH} 3.0: {D}esign, Implementation and
		  Usage",
  journal	= "Computational Optimization and Applications",
  volume	= "12",
  year		= "1999",
  pages		= "207--227"
}

@InProceedings{	  ferris.munson.ea:homotopy,
  author	= {M. C. Ferris and T. S. Munson and D. Ralph},
  title		= {A Homotopy Method for Mixed Complementarity Problems based
		  on the {PATH} Solver},
  booktitle	= {Numerical Analysis 1999},
  key		= 88,
  year		= 2000,
  editor	= {D. F. Griffiths and G. A. Watson},
  series	= {Research Notes in Mathematics},
  address	= {London},
  pages		= "143--167",
  publisher	= {Chapman and Hall}
}

@Article{	  ferris.munson:interior,
  author	= {M. C. Ferris and T. S. Munson},
  title		= {Interior Point Methods for Massive Support Vector
		  Machines},
  year		= 2003,
  journal	= "SIAM Journal on Optimization",
  volume	= 13,
  pages		= "783--804"
}

@Article{	  ferris.munson:semismooth,
  author	= {M. C. Ferris and T. S. Munson},
  title		= {Semismooth Support Vector Machines},
  journal	= "Mathematical Programming",
  year		= 2004,
  volume	= "101",
  number	= "1",
  pages		= "185--204"
}

@Article{	  feti01,
  title		= "Limit analysis of frictional block assemblies as a
		  mathematical program with complementarity constraints",
  author	= "Michael C. Ferris and Francis Tin-Loi",
  journal	= "International Journal of Mechanical Sciences",
  volume	= "43(1)",
  pages		= "209--224",
  year		= "2001"
}

@Book{		  fia83,
  author	= "Anthony V. Fiacco",
  title		= "Introduction to Sensitivity and Stability Analysis in
		  Nonlinear Programming",
  publisher	= "Academic Press",
  address	= "New York",
  year		= "1983"
}

@Article{	  fis99,
  author	= "Andreas Fischer",
  title		= "Modified Wilson's method for nonlinear programs with
		  nonunique multipliers",
  journal	= "Mathematics of Operations Research",
  volume	= "24(3)",
  year		= "1999",
  pages		= "699--727"
}

@Article{	  fitu01,
  author	= "Paul Fischer and Henry Tufo",
  title		= "Solving coarse mesh problems on multiple processors",
  journal	= "Journal of Parallel and Distributed Computing",
  volume	= "61",
  pages		= "151--177",
  year		= "2001"
}

@Book{		  fl87,
  author	= "Roger Fletcher",
  title		= "Practical Methods of Optimization",
  publisher	= "John Wiley \& Sons",
  address	= "Chichester",
  year		= "1987"
}

@Article{	  flegouleytoiwae:02,
  author	= {R. Fletcher and N. I. M. Gould and S. Leyffer and Ph. L.
		  Toint and A. W\"{a}chter},
  title		= {Global convergence of trust-region {SQP}-filter algorithms
		  for general nonlinear programming},
  journal	= {SIAM J. Optimization},
  year		= {2002},
  volume	= {13},
  number	= {3},
  pages		= {635-659}
}

@Article{	  fleley:02,
  author	= {R. Fletcher and S. Leyffer},
  title		= {Nonlinear Programming without a penalty function},
  journal	= {Mathematical Programming},
  year		= {2002},
  volume	= {91},
  pages		= {239-270}
}

@InCollection{	  fleley:03,
  author	= {R. Fletcher and S. Leyffer},
  title		= {Filter-type Algorithms for Solving Systems of Algebraic
		  Equations and Inequalities},
  booktitle	= {High Performance Algorithms and Software for Nonlinear
		  Optimization},
  pages		= {259-278},
  publisher	= {Kluwer},
  year		= {2003},
  editor	= {G. di Pillo and A. Murli}
}

@TechReport{fleley:99,
  author      = {R. Fletcher and S. Leyffer},
  institution = {University of Dundee},
  title       = {A bundle filter method for nonsmooth nonlinear optimization},
  year        = {1999},
  month       = apr,
  number      = {NA/195},
  type        = {Numerical Analysis Report},
}

@Article{	  fleleytoi:02,
  author	= {R. Fletcher and S. Leyffer and Ph. L. Toint},
  title		= {On the global convergence of a Filter-{SQP} algorithm},
  journal	= {SIAM J. Optimization},
  year		= {2002},
  volume	= {13},
  number	= {1},
  pages		= {44-59}
}

@Article{	  flesai:89,
  author	= {R. Fletcher and E. Sainz de la Maza},
  journal	= {Mathematical Programming},
  pages		= {235--256},
  title		= {Nonlinear programming and nonsmooth optimization by
		  successive linear programming},
  volume	= {43},
  year		= {1989}
}

@Article{	  fletcher00stable,
  author	= {Roger Fletcher},
  title		= {Stable reduced {H}essian updates for indefinite quadratic
		  programming},
  journal	= {Mathematical Programming},
  volume	= {87},
  number	= {2},
  year		= {2000},
  pages		= {251--264}
}

@Article{	  fletleyf:04,
  author	= {R.~Fletcher and S.~Leyffer},
  title		= {Solving Mathematical Program with Complementarity
		  Constraints as Nonlinear Programs},
  journal	= {Optimization Methods and Software},
  year		= {2004},
  volume	= {19},
  number	= {1},
  pages		= {15-40}
}

@InProceedings{	  flle01,
  author	= "Roger Fletcher and Sven Leyffer",
  title		= "Filter-type algorithms for solving systems of algebraic
		  equations and inequalities",
  editor	= "Gianni Di Pillo and A. Murli",
  booktitle	= "High Performance Algorithms and Software for Nonlinear
		  Optimization",
  publisher	= "Kluwer Academic Publishers",
  year		= "2003"
}

@TechReport{	  flleto99,
  author	= "Roger Fletcher and Sven Leyffer and Philippe L. Toint",
  title		= "On the global convergence of a filter-{SQP} type
		  algorithm",
  type		= "Numerical Analysis Report",
  number	= "NA/197",
  institution	= "Department of Mathematics, University of Dundee, UK",
  year		= "1999"
}

@TechReport{	  flrs:02,
  author	= {R. Fletcher and S. Leyffer and D. Ralph and S. Scholtes},
  title		= {Local convergence of {SQP} methods for Mathematical
		  Programs with Equilibrium Constraints},
  institution	= {Department of Mathematics, University of Dundee},
  year		= {2002},
  type		= {Numerical Analysis Report},
  number	= {NA/209},
  address	= {Dundee, UK},
  month		= may
}

@Book{		  fox99strategies,
  author	= "Bennett L. Fox",
  title		= "Strategies for Quasi Monte Carlo",
  publisher	= "Kluwer Academic Publishers",
  year		= "1999",
  address	= "Boston"
}

@TechReport{	  frroto85,
  author	= "Robert Freund and R. Roundy and Michael Todd",
  title		= "Identifying the set of always-active constraints in a
		  sytem of linear inequalities",
  type		= "Working paper",
  institution	= "Sloan School of Management, MIT",
  address	= "Cambridge, MA",
  year		= "1985"
}

@Article{fukushima96global,
  author  = {Masao Fukushima and Liqun Qi},
  journal = siopt,
  title   = {A globally and superlinearily convergent algorithm for nonsmooth convex minimization},
  year    = {1996},
  pages   = {1106-1120},
  volume  = {6},
}

@InCollection{fukushima99convergence,
  author    = {Masao Fukushima and Jong-Shi Pang},
  booktitle = {Ill-Posed Variational Problems and Regularization Techniques},
  publisher = {Springer-Verlag},
  title     = {Convergence of a smoothing continuation method for mathematical programs with complementarity constraints},
  year      = {1999},
  address   = {Berlin/Heidelberg},
  editor    = {M. Thera and R. Tichatschke},
  pages     = {99--110},
  series    = {Lecture Notes in Economics and Mathematical Systems},
  volume    = {477},
}

@Article{fulupa98,
  author  = {Masao Fukushima and Zhi-Quan Luo and Jong-Shi Pang},
  journal = {Computational Optimization and Applications},
  title   = {A Globally Convergent Sequential Quadratic Programming Algorithm for Mathematical Programs with Linear Complementarity Constraints},
  year    = {1998},
  pages   = {5-34},
  volume  = {10},
}

@Article{	  ganzburg82multidimensional,
  author	= {A. Ganzburg},
  title		= {Multidimensional Jackson Theorems},
  journal	= {Siberian Mathematical Journal},
  volume	= {22 (2)},
  year		= {1981},
  pages		= {223-231}
}

@Article{	  gato77,
  author	= "J. Gauvin and Jon W. Tolle",
  title		= "Differential stability in nonlinear programming",
  journal	= "SIAM Journal of Control and Optimization",
  volume	= "15",
  year		= "1977",
  pages		= "294--311"
}

@Article{	  gau77,
  author	= "J. Gauvin",
  title		= "A necessary and sufficient regularity condition to have
		  bounded multipliers in nonconvex programming",
  journal	= "Mathematical Programming",
  volume	= "12",
  year		= "1977",
  pages		= "136--138"
}

@Article{	  gear84multirate,
  title		= {Multirate linear multistep methods},
  author	= {CW Gear and DR Wells},
  journal	= {BIT},
  year		= {1984},
  volume	= {24},
  pages		= {484--502}
}

@Article{	  gijalepesh00,
  author	= "Philip E. Gill and Laurent O. Jay and Michael W. Leonard
		  and Linda R. Petzold and Vivek Sharma",
  title		= "An SQP method for the optimal control of large-scale
		  dynamical systems",
  journal	= "Journal of Computational and Applied Mathematics",
  year		= "2000",
  pages		= "197--213",
  volume	= "120"
}

@TechReport{	  gill97snopt,
  author	= "P. E. Gill and W. Murray and M. A. Saunders",
  title		= "{SNOPT}: An {SQP} algorithm for large-scale constrained
		  optimization",
  number	= "{NA}--97--2",
  address	= "San Diego, {CA}",
  year		= "1997",
  url		= "citeseer.ist.psu.edu/article/gill97snopt.html"
}

@TechReport{	  gimusa97,
  author	= "Phillip E. Gill and Walter Murray and Michael A. Saunders",
  title		= "User's guide for {SNOPT} 5.3: A Fortran package for
		  large-scale nonlinear programming",
  type		= "Report",
  number	= "NA 97-5",
  institution	= "Department of Mathematics, University of California, San
		  Diego",
  year		= "1997"
}

@InProceedings{	  gimusawr92,
  author	= "Phillip E. Gill and Walter Murray and Michael E. Saunders
		  and Margaret H. Wright",
  title		= "some theoretical properties of and augmented Lagrangian
		  merit function",
  booktitle	= "addresses in optimization and parallel computing",
  editor	= "Panos M. Pardalos",
  year		= "1992",
  pages		= "101 -- 128",
  abstract	= "this paper contains the theoretical analysis of SNOPT"
}

@Article{	  gof80:cn,
  author	= "Jean L. Goffin",
  title		= "The relaxation method for solving systems of linear
		  inequalities",
  journal	= "Mathematics of Operation Research",
  volume	= "5(3)",
  year		= "1980",
  pages		= "388--414"
}

@Article{	  gondzio03parallel,
  journal	= {Mathematical Programming},
  volume	= {96},
  number	= {3},
  year		= {2003},
  pages		= {561--584},
  title		= {Parallel interior-point solver for structured linear
		  programs},
  author	= {Jacek Gondzio and Robert Sarkissian}
}

@Article{	  gouhrinoc:01,
  author	= {M.E. Hribar and N.I.M. Gould and J. Nocedal},
  title		= {On the solution of equality constrained quadratic
		  programming problems arising in optimization},
  journal	= {SIAM J. Sci. Computing},
  year		= {2001},
  volume	= {23},
  number	= {4},
  pages		= {1375-1394}
}

@TechReport{	  gould98solution,
  address	= {Oxfordshire, OX11 0QX, England},
  author	= {{{Gould, N.I.M} {Hribar, M.B.}} and {Nocedal, J.}},
  institution	= {Department for Computation and Information, Rutherford
		  Appleton Laboratory},
  number	= {RAL-TR-1998-069},
  title		= {On the solution of equality constrained quadratic
		  programming problems arising in optimization},
  type		= {Technical Report},
  year		= {1998}
}

@Article{	  gouleytoi:04,
  author	= {N. I. M. Gould and S. Leyffer and Ph. L. Toint},
  title		= {A multidimensional filter algorithm for nonlinear
		  equations and nonlinear least squares},
  journal	= {SIAM Journal on Optimization},
  year		= {2004},
  volume	= {15},
  number	= {1},
  pages		= {17--38}
}

@Article{	  goux01master,
  journal	= {Cluster Computing},
  volume	= {4},
  number	= {1},
  year		= {2001},
  pages		= {63 - 70},
  title		= {Master-Worker: An Enabling Framework for Applications on
		  the Computational Grid},
  author	= {Jean-Pierre Goux and Sanjeev Kulkarni and Michael Yoder
		  and Jeff Linderoth}
}

@Book{		  griffel02applied,
  title		= "Applied Functional Analysis",
  author	= {D.H. Griffel},
  publisher	= "Dover",
  address	= "Mineola, USA",
  year		= "2002"
}

@TechReport{	  grothey02second,
  author	= {Andreas Grothey},
  title		= {A Second Order Trust Region Bundle Method for Nonconvex
		  Nonsmooth Optimization},
  number	= {MS02-001},
  institution	= {University of Edinburgh},
  address	= {Edinburgh,UK},
  year		= {2002}
}

@Article{	  guozro99,
  author	= "G?�l G?�rkan and A.Y. Ozge and Stephen M. Robinson",
  title		= "Sample-path solution of stochastic variational
		  inequalities",
  journal	= "Mathematical Programming",
  volume	= "84",
  pages		= "313--333"
}

@Article{	  hachkuwa95,
  title		= "Virtual prototyping simulation for design of mechanical
		  systems",
  author	= "Edward J. Haug and Kyun K. Choi and J.G. Kuhl and J.D.
		  Wargo",
  journal	= "Journal of Mechanical Design",
  volume	= "117",
  pages		= "63--70",
  year		= "1995"
}

@Article{	  hadoku02,
  author	= "Jaroslav Haslinger and Radek Kucera and Zdenek Dostal",
  title		= "On a splitting type algorithm for the numerical
		  realization of contact problems with Coulomb friction",
  journal	= "Computer Methods in Applied Mechanics and Engineering",
  year		= "2002",
  volume	= "191",
  pages		= "2261--2281"
}

@TechReport{	  hag97,
  author	= "William W. Hager and Seetharama Gowda",
  title		= "Stability in the presence of degeneracy and error
		  estimation",
  type		= "Technical Report",
  institution	= "Department of Mathematics, University of Florida",
  year		= "1997"
}

@Article{	  han79,
  author	= "Shi-Ping Han and Olvi L. Mangasarian",
  title		= "Exact penalty functions in nonlinear programming",
  journal	= "Mathematical Programming",
  volume	= "17",
  year		= "1979",
  pages		= "251--269"
}

@Article{	  haug86,
  author	= "E.J. Haug and S.C. Wu and S.M.Yang",
  title		= "Dynamic mechanical systems with Coulomb friction,
		  stiction, impact and constraint addition-deletion I:
		  Theory",
  journal	= "Mechanisms and Machine Theory",
  volume	= "21(5)",
  pages		= "407--416",
  year		= "1986"
}

@Book{		  hawa93,
  author	= "Ernst Hairer and Gerhardt Wanner",
  title		= "Solving ordinary differential equations I-- non-stiff
		  problems",
  series	= "Springer Series in Comput. Mathematics",
  volume	= "8",
  publisher	= "Springer-Verlag",
  year		= "1993",
  address	= "Berlin"
}

@Book{		  hawa96,
  author	= "Ernst Hairer and Gerhardt Wanner",
  title		= "Solving ordinary differential equations II-- stiff and
		  differential-algebraic problems",
  series	= "Springer Series in Computational Mathematics",
  volume	= "14",
  publisher	= "Springer-Verlag",
  address	= "Berlin",
  year		= "1996"
}

@TechReport{	  he00,
  author	= "Matthias Heinkenschloss",
  title		= "Time-Domain decomposition iterative methods for the
		  solution of the distributed linear quadratic optimal
		  control problems",
  institution	= "Rice University",
  address	= "Houston, Texas",
  year		= "2000",
  type		= "Techreport",
  number	= "TR00-31"
}

@Article{	  heemels00linear,
  title		= "Linear complementarity systems",
  author	= "W.P.M.H. Heemels and J.M. Schumacher and S. Weiland",
  journal	= "SIAM Journal on Applied Mathematics",
  year		= "2000",
  volume	= "60",
  pages		= "1234 -- 1269"
}

@InProceedings{	  hefamovi01,
  author	= "Dirk Helbing and I. J. Farkas and P. Molnar and T. Vicsek",
  title		= "Simulation of Pedestrian Crowds in Normal and Evacuation
		  Situations",
  booktitle	= "Pedestrian and Evacuation Dynamics",
  address	= "Berlin",
  editor	= "M. Schreckenberg and S. D. Sharma",
  pages		= "21--58",
  publisher	= "Springer-Verlag",
  year		= "2001"
}

@Article{	  hiklpa99,
  title		= "Minimization of maximum unilateral force",
  author	= "D Hilding and A Klarbring and Jong-Shi Pang",
  journal	= "Computer Methods in Applied Mechanics and Engineering",
  volume	= "177(3-4)",
  pages		= "215--234",
  year		= "1999"
}

@Book{		  hirsch76differential,
  author	= "Morris W. Hirsch",
  title		= "Differential Topology",
  series	= "Graduate Texts in Mathematics",
  volume	= "33",
  publisher	= "Springer-Verlag",
  address	= "New York",
  year		= "1976"
}

@Article{	  hof52,
  author	= "Allan J. Hoffman",
  title		= "On approximate solutions of systems of linear
		  inequalities",
  journal	= "Journal of Research of the National Bureau of Standards",
  volume	= "49",
  year		= "1952",
  pages		= "263--265"
}

@Article{	  homepa00,
  title		= "Strategic gaming analysis for electric power systems: An
		  MPEC approach",
  author	= "Benjamin F. Hobbs and C.B. Metzler and Jong-Shi Pang",
  journal	= "IEEE Transactions on Power Systems",
  volume	= "15(2)",
  pages		= "638--645",
  year		= "2000"
}

@Article{	  hrraghhope97,
  author	= "Roman D. Hryciw and S. A. Raschke and A. M. Ghalib and D.
		  A. Horner and John F.Peters",
  title		= "Video tracking for experimental validation of discrete
		  element simulations of large discontinuous deformation",
  journal	= "Computers and Geotechnics",
  volume	= "21(3)",
  pages		= "235-253",
  year		= "1997"
}

@Article{iof79,
  author  = {Alexander Ioffe},
  journal = {SIAM Journal of Control and Optimization},
  title   = {Necessary and sufficient conditions for a local minimum.3: Second order conditions and augmented duality},
  year    = {1979},
  pages   = {266--288},
  volume  = {17(2)},
}

@Article{	  iof94,
  author	= "Alexander Ioffe",
  title		= "On sensitivity analysis of nonlinear programs in {B}anach
		  spaces: the approach via composite unconstrained
		  optimization",
  journal	= "SIAM Journal of Optimization",
  volume	= "4(1)",
  year		= "1994",
  pages		= "1--43"
}

@InProceedings{	  japa02,
  author	= "Doug L. James and Dinesh K. Pai",
  title		= "DyRT: Dynamic response textures for real time deformation
		  simulation with graphics hardware",
  booktitle	= "Proceedings of ACM SIGGRAPH 2002",
  publisher	= "The Association of Computing Machinery Press",
  address	= "New York",
  year		= "2002"
}

@Article{	  jean99contact,
  author	= "Michel Jean",
  title		= "The nonsmooth contact dynamics method",
  journal	= "Computer methods in applied mechanics and engineering",
  volume	= "177",
  year		= "1999",
  pages		= "235 -- 257"
}

@Article{	  jiang00smooth,
  title		= "Smooth {SQP} Methods for Mathematical Programs with
		  Nonlinear Complementarity Constraints",
  author	= "Houyuan Jiang and Daniel Ralph",
  journal	= "SIAM Journal of Optimization",
  year		= "2000",
  volume	= "10",
  pages		= "779 -- 808"
}

@Article{	  jongen86critical,
  title		= "Critical Sets in Parametric Optimization",
  author	= "H. Th. Jongen and P. Jonker and F. Twilt",
  journal	= "Mathematical Programming",
  year		= "1986",
  volume	= "34",
  pages		= "333 --353"
}

@Article{	  jongen86one,
  title		= "One Parameter Families of Optimization Problems: Equality
		  Constraints",
  author	= "H. Th. Jongen and P. Jonker and F. Twilt",
  journal	= "Journal of Optimization Theory and Applications",
  year		= "1986",
  volume	= "48(1)",
  pages		= "141 --161"
}

@TechReport{	  karribsagsol:05,
  author	= {E. Karas and A. Ribeiro and C. Sagastiz\'{a}bal and M.
		  Solodov},
  title		= {A bundle-filter method for nonsmooth convex constrained
		  optimization},
  institution	= {Universidade Federal do Paran\'{a}, Departamento de
		  Matem\'{a}tica},
  year		= {2005},
  address	= {CP 19081, CEP 81531-980, Curitiba, PR, Brazil}
}

@Article{	  kela95,
  title		= "small sample statistical condition estimates for general
		  matrix functions",
  author	= "C.S. Kenney and A.J.Laub",
  journal	= "Siam Journal of scientific computing",
  year		= "1994",
  pages		= "36--61",
  note		= "I have a hard copy of that",
  abstract	= "a new condition estimation procedure for general matrix
		  functions is presented that accurately gauge his
		  sensitivity by measuring the effect of random perturbations
		  to the point of evaluation. in this procedure the number of
		  extra function evaluations used to evaluate the condition
		  estimate determines the war of the estimate.mihai's note:
		  this can be used to provide a statistical estimate of the
		  rate of convergence of the steepest descent method when
		  using finite differences a few random directions"
}

@InProceedings{	  kiotlima02,
  author	= "Young J. Kim and Miguel A. Otaduy and Ming C. Lin and
		  Dinesh Manocha",
  title		= "Fast penetration depth computation for physically-based
		  animation",
  booktitle	= "Proceedings of the 2002 ACM Siggraph/Eurograph symposium
		  on Computer Animation",
  address	= "San Antonio, Texas",
  pages		= "23--31",
  publisher	= "Association for Computing Machinery",
  year		= "2002",
  editor	= "Jessica Hodgins and Michel van de Panne"
}

@Article{	  kiwiel89ellipsoid,
  author	= {Krysztof C. Kiwiel},
  title		= {An ellipsoid trust region bundle method for nonsmooth
		  convex minimization},
  journal	= {SIAM J. Control and Optimization},
  volume	= {27},
  number	= {4},
  pages		= {737--757},
  year		= {1989}
}

@Article{	  klshho01,
  author	= "Anton J. Kleywegt and Alexander Shapiro and Tito
		  Homem-de-Mello",
  title		= "The sample average approximation method for stochastic
		  discrete optimization",
  journal	= "SIAM Journal of Optimization",
  volume	= "12",
  pages		= "479--502",
  year		= "2001"
}

@Article{	  koivu04variance,
  author	= "Matti Koivu",
  title		= "Variance reduction in sample approximations of stochastic
		  programs",
  journal	= "Mathematical Programming",
  year		= "2005",
  note		= "To appear"
}

@Book{		  komenoyo91,
  author	= "Masakazu Kojima and Nimrod Megiddo and Toshihito Noma and
		  Akiko Yoshise",
  title		= "A unified approach to interior point algorithms for linear
		  complementarity problems",
  publisher	= "Springer-Verlag",
  address	= "Berlin Heidelberg",
  year		= "1991"
}

@TechReport{	  krwo97,
  author	= "Serge Kruk and Henry Wolkowicz",
  title		= "SQQP, Sequential Quadratic Constrained Quadratic
		  Programming",
  type		= "Research Report",
  number	= "CORR 97-01",
  institution	= "University of Waterloo, Waterloo, Canada",
  year		= "1997"
}

@Article{	  kuczera98monte,
  title		= {Monte Carlo assessment of parameter uncertainty in
		  conceptual catchment models: the Metropolis algorithm},
  author	= {G. Kuczera G.and E. Parent},
  journal	= {Journal of Hydrology},
  volume	= {211 (1)},
  year		= {1998},
  pages		= {69--85}
}

@Article{	  kupaso03,
  author	= "Vijay Kumar and Jong-Shi Pang and Peng Song",
  title		= "A semi-implicit time-stepping model for frictional
		  compliant contact problems",
  journal	= "International Journal of Numerical Methods in Engineering",
  year		= "2003",
  volume	= "submitted"
}

@Article{	  la01,
  author	= "William J. Layton",
  title		= "Analysis of a scale similarity model of the motion of
		  large eddies in turbulent flow",
  journal	= "Journal Mathematical Analysis and Applications",
  volume	= "264",
  year		= "2001",
  pages		= "546--559"
}

@Article{	  leyf03a,
  author	= {S. Leyffer},
  title		= {Mathematical Programs with Complementarity Constraints},
  journal	= {SIAG/OPT Views-and-News},
  year		= {2003},
  volume	= {14},
  number	= {1},
  pages		= {15-18}
}

@TechReport{	  leyf:03,
  author	= {S. Leyffer},
  title		= {Complementarity Constraints as Nonlinear Equations: Theory
		  and Numerical Experience},
  institution	= {Argonne National Laboratory},
  year		= {2003},
  type		= {Preprint},
  number	= {ANL/MCS-P1054-0603},
  address	= {Argonne, IL},
  month		= sep
}

@Article{	  leyf:05,
  author	= {S. Leyffer},
  title		= {The Penalty Interior Point Method fails to converge},
  journal	= {Optimization Methods and Software},
  year		= {2005},
  optkey	= {},
  optvolume	= {20},
  optnumber	= {4--5},
  optpages	= {559--568}
}

@TechReport{	  leylopnoc:04,
  author	= {S.~Leyffer and G.~Lopez-Calva and J.~Nocedal},
  title		= {Interior Methods for Mathematical Programs with
		  Complementarity Constraints},
  institution	= mcs,
  year		= {2004},
  type		= {Preprint},
  number	= {ANL/MCS-P1211-1204},
  address	= {Argonne, IL}
}

@TechReport{	  lin05monte,
  title		= "Monte Carlo sampling and penalty method for stochastic
		  mathematical programs with complementarity constraints and
		  recourse",
  author	= "Gui-Hua Lin and Masao Fukushima",
  year		= "2005",
  institution	= "Department Of Applied Mathematics and physics, graduate
		  school"
}

@TechReport{	  lin05solving,
  title		= "Solving stochastic mathematical programs with equilibrium
		  constraints via approximation and smoothing implicit
		  programming with penalization",
  author	= "Gui-Hua Lin and Xiaojun Chen and Masao Fukushima",
  year		= "2005",
  institution	= "Department of Applied Mathematics and Physics, Graduate
		  School of Informatics, Kyoto University"
}

@Article{	  lin99newton,
  author	= {Chih-Jeh Lin and Jorge More},
  journal	= siopt,
  title		= {{N}ewton's method for large bound-constrained optimization
		  problems},
  volume	= {9},
  number	= {4},
  pages		= {1100-1127},
  year		= {1999}
}

@Article{	  linc3,
  author	= "C.-J. Lin and J. J. Mor\'{e}",
  title		= "Newton's method for large bound-constrained optimization
		  problems",
  year		= "1999",
  journal	= "SIOPT",
  volume	= "9(4)",
  pages		= "1100--1127",
  url		= "http://www.mcs.anl.gov/home/more/papers/nb.ps.gz"
}

@TechReport{	  liu01analytical,
  title		= {An Analytical Dynamic Traffic Assignment Model with
		  Probabilistic Travel Times and Perceptions},
  author	= {Henry X. Liu and Xuegang Ban and Bin Ran and Pitu
		  Mirchandani},
  number	= {UCI-ITS-WP-01-14},
  institution	= {Institute of Transportation Studies University of
		  California, Irvine},
  address	= {Irvine, CA 92697-3600, U.S.A},
  year		= {2001}
}

@Article{	  liusun:04a,
  author	= {X. Liu and J. Sun},
  title		= {Generalized Stationary Points and an Interior Point Method
		  for Mathematical Programs with Equilibrium Constraints},
  journal	= {Mathematical Programming B},
  year		= {2004},
  volume	= {101},
  number	= {1},
  pages		= {231-261}
}

@Article{	  liwr04,
  author	= "Jeff Linderoth and Stephen J. Wright",
  title		= "Decomposition algorithms for stochastic programming on a
		  computational grid",
  journal	= "Computational Optimization and Applications",
  year		= "2004",
  pages		= "to appear"
}

@Article{	  lot82,
  author	= "Per Lotstedt",
  title		= "Mechanical systems of rigid bodies subject to unilateral
		  constraints",
  journal	= "SIAM Journal of Applied Mathematics",
  volume	= "42(2)",
  pages		= "281--296",
  year		= "1982"
}

@Article{	  lucidi92,
  author	= "Stefano Lucidi",
  title		= "Results on a continuously differentiable exact penalty
		  function",
  journal	= "SIAM Journal on optimization",
  year		= "1992",
  volume	= "2",
  pages		= "558-574"
}

@Book{		  lue73,
  author	= "David G. Luenberger",
  title		= "Introduction to Linear and Nonlinear Programming",
  publisher	= "Addison-Wesley",
  address	= "Reading, Massachusetts",
  year		= "1973"
}

@Book{		  lupara96,
  author	= "Zhi-Quo Luo and Jong-Shi Pang and Daniel Ralph",
  title		= "Mathematical Programs with Complementarity Constraints",
  publisher	= "Cambridge University Press",
  address	= "Cambridge, UK",
  year		= "1996"
}

@Article{	  luparawu96,
  author	= "Zhi-Quo Luo and Jong-Shi Pang and Danny Ralph and S.-Q.
		  Wu",
  title		= "Exact penalization and stationarity conditions of
		  mathematical programs with complementarity constraints",
  journal	= "Mathematical Programming",
  volume	= "34(2)",
  pages		= "142--162",
  year		= "1986"
}

@Book{		  ma69,
  author	= "Olvi L. Mangasarian",
  title		= "Nonlinear Programming",
  publisher	= "McGraw-Hill",
  address	= "New York",
  year		= "1969"
}

@Article{	  ma83,
  author	= "Olvi L. Mangasarian",
  title		= "least norm linear programming solution as an unconstrained
		  minimization problem",
  journal	= "Journal of mathematical analysis and applications",
  volume	= "92",
  year		= "1983",
  pages		= "240 -- 251",
  abstract	= "presents a regularization technique for determining the
		  solution of a linear program"
}

@Article{	  ma94,
  title		= "Misclassification minimization",
  author	= "Olvi Mangasarian",
  journal	= "Journal of Global Optimization",
  volume	= "5(4)",
  pages		= "309--323",
  year		= "1994"
}

@Misc{		  macmpec,
  key		= "MacMPEC",
  title		= "AMPL collection of Mathematical Programs with Equilibrium
		  Constraints",
  author	= "Sven Leyffer",
  note		= "Available on line at {\em
		  http://www-unix.mcs.anl.gov/~leyffer/MacMPEC/}"
}

@Article{	  mafr67,
  author	= "Olvi L. Mangasarian and Stanley Fromovitz",
  title		= "The {F}ritz {J}ohn necessary optimality conditions in the
		  presence of equality constraints",
  journal	= "Journal of Mathematical Analysis and Applications",
  volume	= "17",
  year		= "1967",
  pages		= "34-47"
}

@Article{	  makp97,
  author	= "Pierre Moulin and Mihai Anitescu and Kenneth O. Kortanek
		  and Florian A. Potra",
  title		= "The role of linear semi-infinite programming in
		  signal-adapted QMF bank design",
  journal	= "IEEE Transactions of Signal Processing",
  volume	= "45(9)",
  pages		= "2160--2174",
  year		= "1997"
}

@Article{	  mawe01,
  author	= "Jerrold E. Marsden and Matthew West",
  title		= "Discrete mechanics and variational integrators",
  journal	= "Acta Numerica",
  volume	= "10",
  pages		= "357--514",
  year		= "2001"
}

@Article{	  mcstjori99,
  author	= "Laurie McCarthy and Randy Stiles and Lewis Johnson and
		  Jeff Rickel",
  title		= "Human-systems interaction for virtual environment team
		  training",
  journal	= "Virtual Reality",
  volume	= "4",
  pages		= "38--48",
  year		= "1999"
}

@Article{	  me94,
  author	= "Nimrod Meggido",
  title		= "linear programming is linear time when the dimension is
		  fixed",
  journal	= "Journal of the Association for computing machinery",
  pages		= "114 -- 127",
  volume	= "31",
  abstract	= "when the dimension is fixed the complexity of linear
		  programming increases linearly with the size of the
		  problem"
}

@PhDThesis{	  mi96,
  author	= "Brian Mirtich",
  title		= "Impulse-based Dynamic Simulation of Rigid Body Systems",
  school	= "Department of Computer Science, University of California,
		  Berkeley",
  year		= "1996"
}

@Article{	  mifflin98quasi,
  author	= {Robert Mifflin and Defeng Sun and Liqun Qi},
  title		= {Quasi-{N}ewton bundle-type methods for nondifferentiable
		  convex optimization},
  journal	= siopt,
  year		= {1998},
  pages		= {583-603},
  volume	= {8(2)}
}

@Article{mmar99,
  author  = {Mehmet K. Mihcak and Pierre Moulin and Mihai Anitescu and Kannan Ramchandran},
  journal = {IEEE Transactions in Signal Processing},
  title   = {Rate-distortion optimal subband coding without perfect-reconstruction constraints},
  year    = {2001},
  pages   = {542--557},
  volume  = {49(3)},
}

@Article{	  more-toraldo,
  author	= "Jorge J. Mor\'e and G. Toraldo",
  journal	= "SIAM J. on Optimization",
  pages		= "93--113",
  title		= "On the solution of large quadratic programming problems
		  with bound constraints",
  volume	= "1",
  year		= "1991"
}

@Article{	  moskowitz96smoothness,
  author	= "Bradley Moskowitz and Russell Caflish",
  title		= "Smoothness and Dimension Reduction in Quasi Monte Carlo
		  Methods",
  journal	= "Math. Comp. Modeling",
  year		= "1996",
  pages		= "37 -- 54"
}

@PhdThesis{mu00,
  author  = {Todd S. Munson},
  school  = {Department of Computer Science, University of Wisconsin-Madison},
  title   = {Algorithms and Environments for Complementarity},
  year    = {2000},
  address = {Madison, Wisconsin},
}

@Article{	  mufe03,
  author	= "Michael Ferris and Todd Munson",
  title		= "Semismooth Support Vector Machines",
  year		= "2003",
  journal	= "Mathematical Programming",
  pages		= "to appear"
}

@Article{mufe03b,
  author  = {Michael Ferris and Todd Munson},
  journal = {SIAM Journal of Optimization},
  title   = {Interior point methods for massive support vector machines},
  pages   = {to appear},
}

@Article{	  munson.facchinei.ea:semismooth,
  author	= "T. Munson and F. Facchinei and M. Ferris and A. Fischer
		  and C. Kanzow",
  title		= "The Semismooth Algorithm for Large Scale Complementarity
		  Problems",
  journal	= "INFORMS Journal on Computing",
  volume	= "13",
  number	= "1",
  year		= "2001",
  pages		= "294--311"
}

@Article{	  mupr95,
  author	= "Walter Murray and Francisco J. Prieto",
  title		= "a sequential quadratic programming algorithm using and
		  incomplete solution of the subproblem",
  journal	= "Siam Journal of Optimization",
  year		= "1995",
  pages		= "590-640",
  volume	= "5",
  abstract	= "here it is shown that it is possible to decrease the merit
		  function if you do not use the solution of the sob problem
		  but rather the intermediate value that is obtained after a
		  few pivots"
}

@TechReport{	  musa83,
  author	= "Bruce Murtagh and Michael A. Saunders",
  title		= "MINOS 5.0 user's guide",
  type		= "Technical Report",
  number	= "SOL 83-20",
  institution	= "Stanford University, Stanford",
  year		= "1983"
}

@InProceedings{	  naho98,
  author	= "A. Nahvi and J.M. Hollerbach",
  title		= "Display of friction in virtual environments based on human
		  finger pad characteristics",
  booktitle	= "Proceedings ASME Dynamic Systems and Control Division,
		  DSC-Vol. 64, Anaheim, CA, Nov. 15-20, 1998",
  pages		= "179--184",
  publisher	= "American Society of Mechanical Engineers",
  year		= "1998"
}

@Article{	  nash51non,
  title		= {Non-cooperative games},
  author	= {John F. Nash},
  journal	= {Annals of Mathematics},
  volume	= {54(2)},
  year		= {1951},
  pages		= {286--295}
}

@Article{	  nejaha80,
  author	= "J. Necas and J. Jarusek and J. Haslinger",
  title		= "On the solution of the variational inequality to the
		  Signorini problem with small friction",
  journal	= "Bulletino U.M.I.",
  volume	= "17B",
  pages		= "796--811",
  year		= "1980"
}

@Book{nevai79orthogonal,
  author    = {Paul Nevai},
  publisher = {The American Mathematical Society},
  title     = {Orthogonal Polynomials},
  year      = {1979},
  address   = {Providence},
  series    = {Memoirs of the American Mathematical Society},
  volume    = {18 (213)},
}

@Book{		  niederreiter92random,
  author	= "Harald Niederreiter",
  title		= "Random Number Generation and Quasi-Monte Carlo methods",
  publisher	= "Society for Industrial and Applied Mathematics",
  year		= "1992"
}

@Article{nocedal99interior,
  author  = {Jorge Nocedal and Richard H. Byrd and Marybeth E. Hribar},
  journal = {SIAM J. Optimization},
  title   = {An Interior Point Algorithm for Large Scale Nonlinear Programming},
  year    = {1999},
  pages   = {877--900},
  volume  = {9(4)},
}

@Book{		  nw99,
  author	= "J. Nocedal and S. J. Wright",
  title		= "Numerical Optimization",
  year		= "1999",
  publisher	= "Springer-Verlag",
  address	= "New York"
}

@Article{	  olson03likelihood,
  author	= {Tim Olson and Jong-Shi Pang and Carey Priebe},
  title		= {A likelihood-{MPEC} approach to target classification},
  journal	= {Mathematical Programming Series {A}},
  volume	= {96},
  pages		= {1--31},
  year		= {2003}
}

@Article{	  outj:99,
  author	= {J. Outrata},
  title		= {Optimality Conditions for a Class of Mathematical Programs
		  with Equilibrium Constraints},
  journal	= {Mathematics of Operations Research},
  year		= {1999},
  volume	= {24},
  pages		= {627--644}
}

@Article{	  owen97scrambled,
  author	= {Art B. Owen},
  title		= {Scrambled net variance for integrals of smooth functions},
  journal	= {Annals of Statistics},
  volume	= {25},
  year		= {1997},
  pages		= {1541-1562}
}

@Book{		  pa93,
  author	= "Panos D. Panagiotopoulos",
  title		= "Hemivariational Inequalities",
  publisher	= "Springer-Verlag",
  address	= "New York",
  year		= "1993"
}

@Article{	  paga93,
  title		= "NE/SQP A. robust algorithm for the nonlinear
		  complementarity problem",
  author	= "Jong-Shi Pang and Steven A. Gabriel",
  year		= "1993",
  volume	= "60",
  pages		= "295 -- 337",
  journal	= "mathematical programming"
}

@Article{	  paho04,
  title		= "Multiscale Numerical Methods for Singularly-Perturbed
		  Convection Diffusion Equations",
  author	= "P. Park and T. Y. Hou",
  journal	= "International Journal of Computational Methods",
  number	= "1",
  pages		= "17-65",
  year		= "2004"
}

@Article{	  past99,
  author	= "Jong-Shi Pang and David E. Stewart",
  title		= "A unified approach to frictional contact problems",
  journal	= "International Journal of Engineering Science",
  volume	= "37",
  pages		= "1747--1768",
  year		= "1999"
}

@Article{	  patriksson99stochastic,
  title		= "Stochastic mathematical programs with equilibrium
		  constraints",
  journal	= "Operations Research Letters",
  volume	= "25(4)",
  year		= "1999",
  pages		= "159-167",
  author	= "Michael Patriksson and Laura Wynter"
}

@Article{peessn02,
  author  = {R.A. Pedowitz and J. Esch and S. Snyder},
  journal = {Arthroscopy},
  title   = {Evaluation of a virtual reality simulator for arthroscopy skills development},
  year    = {2002},
  volume  = {18(6)},
}

@Book{		  pol97,
  author	= "Elijah Polak",
  title		= "Optimization",
  publisher	= "Springer",
  address	= "New York",
  year		= "1997"
}

@Article{	  polyak04convexity,
  title		= {Convexity of the Reachable Set of Nonlinear Systems Under
		  $L_2$ Bounded Controls},
  author	= "Boris Polyak",
  journal	= "Dynamics Of Continuous Discrete And Impulsive Systems
		  Series A",
  year		= "2004",
  volume	= "11 (2-3)",
  pages		= "255--268"
}

@Article{polyak06newton,
  author  = {Boris Polyak},
  journal = {Journal of Mathematical Sciences},
  title   = {Newton Kantorovich Method and its Global Convergence},
  year    = {2006},
  pages   = {1513-1523},
  volume  = {133(4)},
}

@Article{	  pow78,
  author	= "Michael J.D. Powell",
  year		= "1978",
  title		= "The convergence of variable metric methods for nonlinearly
		  constrained optimization calculations",
  booktitle	= "Nonlinear Programming 3",
  publisher	= "Academic Press",
  address	= "New York",
  pages		= "27--61"
}

@Article{quti01,
  author  = {N.S. Que and F. Tin-Loi},
  journal = {Computer Methods in Applied Mechanics and Engineering},
  title   = {Parameter identification of quasibrittle materials as a mathematical program with equilibrium constraints},
  year    = {2001},
  pages   = {5819--5836},
  volume  = {190(43-44)},
}

@TechReport{	  raghbieg:02a,
  author	= {A. Raghunathan and L. T. Biegler},
  title		= {Barrier methods for Mathematical Programs with
		  Complementarity Constraints {(MPCCs)}},
  institution	= {Carnegie Mellon University, Department of Chemical
		  Engineering},
  year		= {2002},
  address	= {Pittsburgh, PA},
  month		= dec
}

@Article{	  raghunathan05interior,
  title		= {An interior point method for mathematical programs with
		  complementarity constraints (MPCCs)},
  author	= {Arvind U. Raghunathan and Lorenz T. Biegler},
  journal	= siopt,
  year		= {2005},
  volume	= {15(3)},
  pages		= {720--750}
}

@Article{	  ral96,
  author	= "Daniel Ralph and Stephen Joseph Wright",
  title		= "Superlinear convergence of an interior-point method
		  despite dependent constraints",
  journal	= "Mathematics of Operations Research",
  year		= "2000",
  pages		= "179--194",
  volume	= "25"
}

@Article{	  rasmussen.rutherford:modeling,
  author	= {T. Rasmussen and T. Rutherford},
  title		= {Modeling overlapping generations in a complementarity
		  format},
  journal	= {Journal of Economic Dynamics and Control},
  volume	= {28},
  number	= {7},
  year		= {2004},
  pages		= {1383--1409}
}

@Article{	  relegr98,
  author	= "Juan M. Restrepo and Gary M. Leaf and Andreas Griewank",
  title		= "Circumventing storage limitations in variational data
		  assimilation studies",
  journal	= "SIAM Journal on Scientific Computing",
  volume	= "19",
  pages		= "1586--1605",
  year		= "1998"
}

@Article{	  reydellet01green,
  title		= {{G}reen's Function Probe of a Static Granular Piling},
  author	= {Guillaume Reydellet and Eric Cl�ment},
  volume	= {86(15)},
  pages		= {3308-3311},
  journal	= {Physical Review Letters},
  year		= {2001}
}

@Book{		  rhe72,
  author	= "James Ortega and Werner Rheinboldt",
  title		= "Iterative Solutions of Nonlinear Equations in Several
		  Variables",
  publisher	= "Academic Press",
  address	= "New York",
  year		= "1972"
}

@Article{rijo99,
  author  = {Jeff Rickel and Lewis Johnson},
  journal = {Applied Artificial Intelligence},
  title   = {Animated agents for procedural training in virtual reality: Perception, cognition, and motor control},
  year    = {1999},
  pages   = {343--382},
  volume  = {13},
}

@Article{	  ro82,
  author	= "Stephen M. Robinson",
  title		= "Generalized equations and their solutions, part II:
		  Applications to nonlinear programming",
  journal	= "Mathematical Progamming Study",
  volume	= "19",
  pages		= "200--221",
  year		= "1982"
}

@Article{	  rob72,
  author	= "Stephen M. Robinson",
  title		= "normed convex processes",
  journal	= "transactions of the American mathematical Society",
  volume	= "174",
  year		= "1972",
  abstract	= "presents results on the dependency of set valued mappings
		  whose range is in the set of convex subsets"
}

@Article{rob97,
  author   = {Gul Gurkan and A. Yonca Ozge and Stephen M. Robinson},
  journal  = {mathematical programming},
  title    = {sample path solution of stochastic variational inequalities},
  year     = {1999},
  pages    = {313 -- 333},
  volume   = {84},
  abstract = {an example of using sample path optimization and providing
		  the necessary estimates. The examples originates in the
		  energy industry},
}

@Article{	  robinson74perturbed,
  author	= "Stephen M. Robinson",
  title		= "Perturbed {K}uhn-{T}ucker points and rates of convergence
		  for a class of nonlinear programming algorithms",
  journal	= "Mathematical Programming",
  volume	= "7(1)",
  pages		= "1--16",
  year		= "1974"
}

@Article{	  rostprsw87,
  author	= "Anthony Rosato and Katherine Strandburg and Friedrich
		  Prinz and Robert H. Swendsen",
  title		= "Why the Brazil Nuts are on top: {S}ize segregation of
		  particulate matter by shacking",
  journal	= "Physical Review Letters",
  volume	= "58(10)",
  pages		= "1038-1040",
  year		= "1987"
}

@Book{		  rudin87real,
  title		= "Real and Complex Analysis",
  author	= "Walter Rudin",
  publisher	= "McGraw-Hill",
  adress	= "Boston",
  year		= "1987"
}

@InProceedings{	  sa99,
  author	= "Kamel Salaani",
  title		= "Vehicle dynamics modeling for the National Advanced
		  Driving Simulator of a 1997 Jeep Cherokee",
  booktitle	= "Vehicle Dynamics and Simulation 1999",
  publisher	= "Society of Automotive Engineers",
  year		= "1999"
}

@Article{	  scholtes01convergence,
  author	= "Stefan Scholtes",
  year		= "2001",
  title		= "Convergence Properties of a Regularisation Scheme for
		  Mathematical Programs with Complementarity Constraints",
  journal	= "SIAM Journal on Optimisation",
  volume	= "11",
  pages		= "918--936"
}

@Article{	  scholtes01stringent,
  title		= {How Stringent Is the Linear Independence Assumption for
		  Mathematical Programs with Complementarity Constraints},
  author	= {Stefan Scholtes and Michael Stohr},
  volume	= {26},
  number	= {4},
  year		= {2001},
  pages		= {851-863},
  journal	= {Mathematics of Operations Research}
}

@Article{	  schs:01,
  author	= {S. Scholtes},
  title		= {Convergence Properties of regularization schemes for
		  mathematical programs with complementarity Constraints},
  journal	= {SIAM J. Optimization},
  year		= {2001},
  volume	= {11},
  number	= {4},
  pages		= {918-936}
}

@TechReport{	  schs:99,
  address	= {Cambridge, England},
  author	= {S. Scholtes},
  institution	= {The Judge Institute of Management Studies, University of
		  Cambridge},
  number	= {28/1999},
  title		= {Active set methods for inverse linear complementarity
		  problems},
  type		= {Research Papers in Management Studies},
  year		= {1999}
}

@Article{	  schumacher04complementarity,
  journal	= {Mathematical Programming, Series B},
  volume	= {101},
  pages		= {263--295},
  year		= {2004},
  author	= {J.M. Schumacher},
  title		= {Complementarity systems in optimization}
}

@Article{	  scsh00,
  author	= "Helgar Scheel and Stefan Scholtes",
  title		= "Mathematical Programs with Equilibrium Constraints:
		  Stationarity, Optimality and Sensitivity",
  journal	= "Mathematics of Operations Research",
  volume	= "25(1)",
  year		= "2000",
  pages		= "1--25"
}

@Article{	  sh01,
  author	= "Stefan Scholtes",
  title		= "Convergence Properties of a Regularization Scheme for
		  Mathematical Programs with Complementarity Constraints",
  journal	= "SIAM Journal of Optimization",
  volume	= "11(4)",
  year		= "2001",
  pages		= "918--936"
}

@Article{	  sha88,
  author	= "Alexander Shapiro",
  title		= "Sensitivity analysis of nonlinear programs and
		  differentiability properties of metric projections",
  journal	= "SIAM Journal of Control and Optimization",
  volume	= "26(3)",
  year		= "1988",
  pages		= "628--645"
}

@TechReport{	  shapiro05stochastic1,
  author	= "Alexander Schapiro",
  title		= "Stochastic programming with equilibrium constraints",
  year		= "2005",
  institution	= "Georgia Institute of Technology"
}

@TechReport{	  shapiro05stochastic2,
  author	= "Alexander Schapiro and Huifu Xu",
  title		= "Stochastic mathematical programs with equilibrium
		  constraints, modeling and sample average approximation",
  year		= "2005",
  institution	= "Georgia Institute of Technology"
}

@Article{	  shapiro98simulation,
  author	= {Alexander Shapiro and Tito Homem-de-Mello},
  title		= {A simulation-based approach to two-stage stochastic
		  programming with recourse},
  journal	= {Mathematical Programming},
  volume	= {81},
  year		= {1998},
  pages		= {301--325}
}

@Article{	  shen05linear,
  author	= "Jinglai Shen and Jong-Shi Pang",
  title		= "Linear complementarity states: Zeno states",
  journal	= "SIAM Journal on Optimization",
  volume	= "44(3)",
  pages		= "1040-1066",
  year		= "2005"
}

@Article{	  shho00,
  author	= "Alexander Shapiro and Tito Homem-de-Mello",
  title		= "On rate of convergence of Monte Carlo approximations of
		  stochastic programs",
  journal	= "SIAM Journal of Optimization",
  volume	= "11",
  pages		= "70--86",
  year		= "2000"
}

@Book{		  smith96domain,
  title		= {Domain decomposition: parallel multilevel methods for
		  elliptic partial differential equations},
  author	= {Barry Smith and Petter Bjorstad and William Gropp},
  year		= {1996},
  publisher	= {Cambridge University Press},
  address	= {New York City}
}

@Article{st90,
  author   = {William J. Stronge},
  journal  = {proceedings: mathematical and physical sciences},
  title    = {rigid body collisions with friction},
  year     = {1990},
  pages    = {169-181},
  volume   = {431},
  abstract = {this paper shows that neither the Poisson nor the Newton
		  collision models are accurate in all circumstances. The
		  paper advocates the use of a energy based collision model.
		  This is interesting because it connects two interior point
		  approaches that our stop before convergence.},
}

@Article{	  st98,
  author	= "David E. Stewart",
  title		= "Convergence of a time-stepping scheme for rigid body
		  dynamics and resolution of {P}ainleve's problems",
  journal	= "Archive Rational Mechanics and Analysis",
  volume	= "145(3)",
  pages		= "215--260",
  year		= "1998"
}

@Article{	  stch89,
  author	= "Gilbert Strang and R. Chan",
  journal	= "SIAM J. Sci. Stat. Comp",
  volume	= "10",
  year		= "1989",
  pages		= "104--119",
  title		= "Toeplitz equations by conjugate gradients with circulant
		  preconditioner"
}

@TechReport{	  stewart05optimal,
  author	= "David Stewart and Mihai Anitescu",
  title		= "Optimal Control of Systems with Discontinuous Differential
		  Equations",
  number	= "ANL/MCS-P1258-0605",
  institution	= "Mathematics and Computer Science Division, Argonne
		  National Laboratory",
  year		= "2005",
  note		= "submitted to Numerische Mathematik"
}

@Article{	  stpa03,
  title		= "Differential variational inequalities",
  author	= "David Stewart and Jong-Shi Pang",
  year		= "2005",
  note		= "to appear",
  journal	= "Mathematical Programming"
}

@Article{suzhbi01,
  author    = {Chonawee Supatgiat and Rachel Q. Zhang and John R. Birge},
  journal   = {Computational Economics},
  title     = {Equilibrium Values in a Competitive Power Exchange Market},
  year      = {2001},
  pages     = {93 -- 121},
  volume    = {17(1)},
  address   = {Netherlands},
  publisher = {Springer},
}

@Article{	  te82,
  author	= "Jan Telgen",
  title		= "Minimal representation of convex polyhedral sets",
  journal	= "Journal of Optimization Theory and Applications",
  volume	= "38",
  year		= "1982",
  pages		= "1--24"
}

@Article{	  thbiropo01,
  author	= "A. Thavalingham and N. Bicanic and J.J. Robinson and
		  D.A.Ponniah",
  title		= "Computational framework for discontinuous modeling of
		  masonry arch bridges",
  journal	= "Computers and Structures",
  volume	= "79",
  pages		= "1821--1830",
  year		= "2001"
}

@Article{thjodost01,
  author  = {G. Thomas and L. Johnson and S. Dow and C. Stanford},
  journal = {Computer Methods and Programs in Biomedicine},
  title   = {Design and evaluation of a dental simulator with a force feedback joystick},
  year    = {2001},
  pages   = {53--64},
  volume  = {64(1)},
}

@Article{	  thompson92monte,
  journal	= {Risk Analysis},
  volume	= {12(1)},
  pages		= {53-63},
  year		= {1992},
  title		= {Monte Carlo Techniques for Quantitative Uncertainty
		  Analysis in Public Health Risk Assessments},
  author	= {Kimberly M. Thompson, David E. Burmaster, and Edmund A.C.
		  Crouch}
}

@Book{		  torquato01random,
  author	= {Salvatore Torquato},
  title		= {Random Heterogeneous Materials},
  year		= {2001},
  publisher	= {Springer},
  address	= {New York}
}

@Article{	  trpasuloaccforce2,
  author	= "Jeffrey Trinkle and Jong-Shi Pang and Sandra Sudarsky and
		  Grace Lo",
  title		= "On dynamic multi-rigid-body contact problems with
		  {C}oulomb friction",
  journal	= "Zeithschrift fur Angewandte Mathematik und Mechanik",
  volume	= "77",
  pages		= "267--279",
  year		= "1997"
}

@PhdThesis{tz01,
  author = {James Tzitzouris},
  school = {Department of Mathematical Sciences, Johns Hopkins University},
  title  = {Numerical resolution of frictional multi-rigid-body systems via fully implicit time-stepping and nonlinear complementarity},
  year   = {2001},
}

@TechReport{	  vand94,
  author	= "Robert J. Vanderbei",
  title		= "LOQO: An interior-point code for quadratic programming",
  type		= "Technical Report",
  number	= "SOR-94-21",
  institution	= "Statistics and Operations Research, Princeton University",
  address	= "Princeton",
  year		= "1994"
}

@TechReport{waechter04implementation,
  author      = {Andreas Waechter and Lorenz T. Biegler},
  institution = {IBM T.J. Watson Research Center},
  title       = {On the implementation of an interior-point filter line-search algorithm for large-scale nonlinear programming},
  year        = {2004},
  address     = {Yorktown Heights, USA},
  note        = {To appear in Mathematical Programming},
  number      = {RC 23149},
}

@Article{	  wr98,
  author	= "Stephen Joseph Wright",
  title		= "Superlinear convergence of a stabilized {SQP} method to a
		  degenerate solution",
  journal	= "Computational Optimization and Applications",
  volume	= "11",
  year		= "1998",
  pages		= "253--275"
}

@Article{	  wri97,
  author	= "Stephen Joseph Wright",
  title		= "Modifying {SQP} for degenerate problems",
  year		= "2002",
  journal	= "SIAM Journal on Optimization",
  volume	= "13(2)",
  pages		= "470--497"
}

@Book{		  wri97b,
  author	= "Stephen J. Wright",
  title		= "Primal-Dual Interior-Point Methods",
  publisher	= "Society for Industrial and Applied Mathematics",
  address	= "Philadelphia",
  year		= "1997"
}

@Article{	  xiao01,
  title		= {A bridging domain method for coupling continua with
		  molecular dynamics},
  author	= {S.P. Xiao, T. Belytschko},
  journal	= "Comput. Methods Appl. Mech. Engrg.",
  volume	= "193",
  year		= "2004",
  pages		= "1645-1669"
}

@Article{	  yamebe01,
  title		= "Simultaneous estimation of the origin-destination matrices
		  and travel-cost coefficient for congested networks in a
		  stochastic user equilibrium",
  author	= "H Yang and Q Meng and M Bell",
  journal	= "Transportation Science",
  volume	= "35(2)",
  pages		= "107--123",
  year		= "2001"
}

@Article{	  doca12,
   author = {{O'Donoghue}, B. and {Candes}, E.},
    title = {Adaptive Restart for Accelerated Gradient Schemes},
  journal = {ArXiv e-prints},
archivePrefix = "arXiv",
   eprint = {1204.3982},
 primaryClass = "math.OC",
 keywords = {Mathematics - Optimization and Control},
     year = 2012,
    month = apr,
   adsurl = {http://adsabs.harvard.edu/abs/2012arXiv1204.3982O},
  adsnote = {Provided by the SAO/NASA Astrophysics Data System}
}

@inproceedings{nesterov1983method,
  title={A method of solving a convex programming problem with convergence rate $\mathcal{O}(1/k^2)$},
  author={Nesterov, Yurri},
  booktitle={Soviet Mathematics Doklady},
  volume={27(2)},
  pages={372--376},
  year={1983}
}

@article{becker2011templates,
  title={Templates for convex cone problems with applications to sparse signal recovery},
  author={Becker, Stephen R. and Cand{\`e}s, Emmanuel J. and Grant, Michael C.},
  journal={Mathematical Programming Computation},
  volume={3},
  number={3},
  pages={165--218},
  year={2011},
  publisher={Springer}
}

@article{cauchy1847methode,
  title={M{\'e}thode g{\'e}n{\'e}rale pour la r{\'e}solution des system{\'e}s d'{\'e}quations simultan{\'e}es},
  author={Cauchy, Augustin},
  journal={Comp. Rend. Sci. Paris},
  volume={25},
  number={1847},
  pages={536--538},
  year={1847}
}

@article{bertsekas1976goldstein,
  title={{On the Goldstein-Levitin-Polyak gradient projection method}},
  author={Bertsekas, D.},
  journal={Automatic Control, IEEE Transactions on},
  volume={21},
  number={2},
  pages={174--184},
  year={1976},
  publisher={IEEE}
}

@book{nemirovsky1983problem,
  title={Problem complexity and method efficiency in optimization.},
  author={Nemirovsky, Arkadi and Yudin, David Borisovich},
  year={1983},
  publisher={John Wiley \& Sons}
}

@book{nesterov2003introductory,
  title={Introductory lectures on convex optimization: A basic course},
  author={Nesterov, Yurii},
  volume={87},
  year={2003},
  publisher={Springer}
}

@article{beck2009fast,
  title={A fast iterative shrinkage-thresholding algorithm for linear inverse problems},
  author={Beck, Amir and Teboulle, Marc},
  journal={SIAM Journal on Imaging Sciences},
  volume={2},
  number={1},
  pages={183--202},
  year={2009},
  publisher={SIAM}
}

@book{boyd2004convex,
  title={Convex optimization},
  author={Boyd, Stephen and Vandenberghe, Lieven},
  year={2004},
  publisher={Cambridge University Press}
}

@Article{Goldstein2014,
  author    = {Goldstein, Tom and O'Donoghue, Brendan and Setzer, Simon and Baraniuk, Richard},
  journal   = {SIAM Journal on Imaging Sciences},
  title     = {Fast {Alternating} {Direction} {Optimization} {Methods}},
  year      = {2014},
  month     = jan,
  number    = {3},
  pages     = {1588--1623},
  volume    = {7},
  doi       = {10.1137/120896219},
  file      = {Full Text PDF:https\://epubs.siam.org/doi/pdf/10.1137/120896219?mobileUi=0&:application/pdf},
  publisher = {Society for Industrial and Applied Mathematics},
  url       = {https://epubs.siam.org/doi/abs/10.1137/120896219},
  urldate   = {2020-05-11},
}

@Article{Stellato2020,
  author     = {Stellato, Bartolomeo and Banjac, Goran and Goulart, Paul and Bemporad, Alberto and Boyd, Stephen},
  journal    = {Mathematical Programming Computation},
  title      = {{OSQP}: an operator splitting solver for quadratic programs},
  year       = {2020},
  issn       = {1867-2957},
  month      = feb,
  doi        = {10.1007/s12532-020-00179-2},
  file       = {Springer Full Text PDF:https\://link.springer.com/content/pdf/10.1007%2Fs12532-020-00179-2.pdf:application/pdf},
  language   = {en},
  shorttitle = {{OSQP}},
  url        = {https://doi.org/10.1007/s12532-020-00179-2},
  urldate    = {2020-05-11},
}

@Article{Zhang2019,
  author   = {Zhang, Juyong and Peng, Yue and Ouyang, Wenqing and Deng, Bailin},
  journal  = {ACM Transactions on Graphics},
  title    = {Accelerating {ADMM} for efficient simulation and optimization},
  year     = {2019},
  issn     = {0730-0301},
  month    = nov,
  number   = {6},
  pages    = {163:1--163:21},
  volume   = {38},
  doi      = {10.1145/3355089.3356491},
  file     = {Full Text PDF:https\://dl.acm.org/doi/pdf/10.1145/3355089.3356491:application/pdf},
  keywords = {ADMM, physics simulation, geometry optimization, Anderson acceleration},
  url      = {https://doi.org/10.1145/3355089.3356491},
  urldate  = {2020-05-11},
}

@Article{Lin2018,
  author   = {Lin, Tianyi and Ma, Shiqian and Ye, Yinyu and Zhang, Shuzhong},
  journal  = {arXiv:1805.12344 [math]},
  title    = {An {ADMM}-{Based} {Interior}-{Point} {Method} for {Large}-{Scale} {Linear} {Programming}},
  year     = {2018},
  month    = may,
  note     = {arXiv: 1805.12344},
  file     = {arXiv Fulltext PDF:https\://arxiv.org/pdf/1805.12344.pdf:application/pdf},
  keywords = {Mathematics - Optimization and Control},
  url      = {http://arxiv.org/abs/1805.12344},
  urldate  = {2020-05-11},
}

@Article{Themelis2016,
  author     = {Themelis, Andreas and Patrinos, Panagiotis},
  journal    = {IEEE Transactions on Automatic Control},
  title      = {{SuperMann}: {A} {Superlinearly} {Convergent} {Algorithm} for {Finding} {Fixed} {Points} of {Nonexpansive} {Operators}},
  year       = {2016},
  doi        = {10.1109/TAC.2019.2906393},
  file       = {Semantic Scholar Link:https\://www.semanticscholar.org/paper/SuperMann%3A-A-Superlinearly-Convergent-Algorithm-for-Themelis-Patrinos/4991345f22b914ac02f68f4985132992ad492d6f:text/html},
  shorttitle = {{SuperMann}},
}

@Article{Zhang2018,
  author = {Zhang, Junzi and O'Donoghue, Brendan and Boyd, Stephen},
  title  = {Globally {Convergent} {Type}-{I} {Anderson} {Acceleration} for {Non}-{Smooth} {Fixed}-{Point} {Iterations}},
  year   = {2018},
  file   = {Semantic Scholar Link:https\://www.semanticscholar.org/paper/Globally-Convergent-Type-I-Anderson-Acceleration-Zhang-O%27Donoghue/de87b5de0d2fc9c8cdbc76381bbecd900916cea4:text/html;Full Text PDF:https\://arxiv.org/pdf/1808.03971.pdf:application/pdf},
}

@Article{Fu2019,
  author   = {Fu, Anqi and Zhang, Junzi and Boyd, Stephen},
  journal  = {arXiv:1908.11482 [math]},
  title    = {Anderson {Accelerated} {Douglas}-{Rachford} {Splitting}},
  year     = {2019},
  month    = oct,
  note     = {arXiv: 1908.11482},
  annote   = {Comment: 35 pages, 8 figures},
  file     = {arXiv Fulltext PDF:https\://arxiv.org/pdf/1908.11482.pdf:application/pdf},
  keywords = {Mathematics - Optimization and Control},
  url      = {http://arxiv.org/abs/1908.11482},
  urldate  = {2020-05-11},
}

@Book{fourer02ampl,
  author    = {Robert Fourer and David M. Gay and Brian W. Kernighan},
  publisher = {Brooks/Cole Publishing Company},
  title     = {AMPL: A Modeling Language for Mathematical Programming},
  year      = {2002},
  address   = {Pacific Grove},
  edition   = {2nd},
  note      = {First chapter, software, and other material available at http://www.ampl.com},
}

@Article{lucet01sensitivity,
  author  = {Yves Lucet and Jane Ye},
  journal = {SIAM Journal of Control and Optimization},
  title   = {Sensitivity analysis of the value function for optimization problems with variational inequality constraints},
  year    = {2001},
  number  = {3},
  pages   = {699-723},
  volume  = {40},
}

@Book{luo.pang.ea:mathematical,
  author    = {Z.-Q. Luo and J.-S. Pang and D. Ralph},
  publisher = {Cambridge University Press},
  title     = {Mathematical Programs with Equilibrium Constraints},
  year      = {1996},
  address   = {Cambridge, U.K.},
  bibsource = {ftp://ftp.math.utah.edu/pub/bibnet/authors/m/multilevel-prog.bib},
}

@Book{oukozo98,
  author    = {Jiri Outrata and Michal Kocvara and Joachim Zowe},
  publisher = {Kluwer Academic Publishers},
  title     = {Nonsmooth Approach to Optimization Problems with Equilibrium Constraints: Theory, Applications and Numerical Results},
  year      = {1998},
  address   = {Dordrecht},
}

@Article{Cannon2019,
  author     = {Cannon, M. and Goulart, P. and Garstka, M.},
  journal    = {European Control Conference},
  title      = {{COSMO}: {A} conic operator splitting method for large convex problems},
  year       = {2019},
  month      = aug,
  isbn       = {9783907144015},
  language   = {en},
  publisher  = {IEEE},
  shorttitle = {{COSMO}},
  url        = {https://ora.ox.ac.uk/objects/uuid:25211347-1646-4d6b-9ad5-807d1c865e50},
  urldate    = {2020-05-11},
}

@Article{Donoghue2016,
  author   = {O’Donoghue, Brendan and Chu, Eric and Parikh, Neal and Boyd, Stephen},
  journal  = {Journal of Optimization Theory and Applications},
  title    = {Conic {Optimization} via {Operator} {Splitting} and {Homogeneous} {Self}-{Dual} {Embedding}},
  year     = {2016},
  issn     = {1573-2878},
  month    = jun,
  number   = {3},
  pages    = {1042--1068},
  volume   = {169},
  doi      = {10.1007/s10957-016-0892-3},
  file     = {Springer Full Text PDF:https\://link.springer.com/content/pdf/10.1007%2Fs10957-016-0892-3.pdf:application/pdf},
  language = {en},
  url      = {https://doi.org/10.1007/s10957-016-0892-3},
  urldate  = {2020-05-12},
}

@InProceedings{Sopasakis2019,
  author     = {Sopasakis, Pantelis and Menounou, Krina and Patrinos, Panagiotis},
  booktitle  = {2019 18th {European} {Control} {Conference} ({ECC})},
  title      = {{SuperSCS}: fast and accurate large-scale conic optimization},
  year       = {2019},
  month      = jun,
  pages      = {1500--1505},
  doi        = {10.23919/ECC.2019.8796286},
  keywords   = {convex programming, Newton method, homogeneous self-dual embedding, infeasibility-unboundedness certificates, fast quasiNewtonian directions, modified restarted Broyden-type direction, Anderson acceleration, optimality conditions, conic optimization problems, Douglas-Rachford splitting, SuperMann algorithmic framework, SuperSCS, large-scale convex conic problems},
  shorttitle = {{SuperSCS}},
}

@ARTICLE{Andretta_ActiveSetsSPG,
  author = {Andretta, Marina and Birgin, ErnestoG. and Martínez, J.M.},
  title = {Partial spectral projected gradient method with active-set strategy
	for linearly constrained optimization},
  journal = {Numerical Algorithms},
  year = {2010},
  volume = {53},
  pages = {23-52},
  doi = {10.1007/s11075-009-9289-9},
  issn = {1017-1398},
  issue = {1},
  keywords = {Linearly constrained optimization; Spectral projected gradient method;
	Active set methods},
  publisher = {Springer US},
  url = {http://dx.doi.org/10.1007/s11075-009-9289-9}
}

@ARTICLE{Bello_PrecondSPG2005,
  author = {Bello, L. and Raydan, M.},
  title = {Preconditioned Spectral Projected Gradient Method on Convex Sets},
  journal = {Journal of Computational Mathematics},
  year = {2005},
  volume = {23},
  pages = {225-232},
  issue = {3},
  owner = {tasora},
  timestamp = {2012.01.29}
}

@INCOLLECTION{Fletcher_OnBB2005,
  author = {Fletcher, Roger},
  title = {On the Barzilai-Borwein Method},
  booktitle = {Optimization and Control with Applications},
  publisher = {Springer US},
  year = {2005},
  editor = {Qi, Liqun and Teo, Koklay and Yang, Xiaoqi},
  volume = {96},
  series = {Applied Optimization},
  pages = {235-256},
  doi = {10.1007/0-387-24255-4_10},
  isbn = {978-0-387-24254-5},
  keywords = {Barzilai-Borwein method; steepest descent; elliptic systems; unconstrained
	optimization},
  url = {http://dx.doi.org/10.1007/0-387-24255-4_10}
}

@ARTICLE{Luengo_PrecondSG2002,
  author = {Luengo, F. and Raydan, M. and Glunt, W. and Hayden, T.L.},
  title = {Preconditioned Spectral Gradient Method},
  journal = {Numerical Algorithms},
  year = {2002},
  volume = {30},
  pages = {241-258},
  note = {10.1023/A:1020181927999},
  issn = {1017-1398},
  issue = {3},
  keyword = {Computer Science},
  publisher = {Springer U.S.},
  url = {http://dx.doi.org/10.1023/A:1020181927999}
}

@ARTICLE{Birgin_SpectralConjugate2001,
  author = {Birgin, E. G. and Mart\'{\i}nez, Jos\'{e} Mario},
  title = {A Spectral Conjugate Gradient Method for Unconstrained Optimization},
  journal = {Applied Mathematics \& Optimization},
  year = {2001},
  volume = {43},
  pages = {117-128},
  note = {10.1007/s00245-001-0003-0},
  issn = {0095-4616},
  issue = {2},
  keyword = {Mathematics and Statistics},
  publisher = {Springer New York},
  url = {http://dx.doi.org/10.1007/s00245-001-0003-0}
}

@ARTICLE{Birgin_SPG1999,
  author = {Birgin, Ernesto G. and Mart\'{\i}nez, Jos\'{e} Mario and Raydan,
	Marcos},
  title = {Nonmonotone Spectral Projected Gradient Methods on Convex Sets},
  journal = {SIAM J. on Optimization},
  year = {1999},
  volume = {10},
  pages = {1196--1211},
  month = {August},
  acmid = {589081},
  address = {Philadelphia, PA, USA},
  doi = {http://dx.doi.org/10.1137/S1052623497330963},
  issn = {1052-6234},
  issue = {4},
  numpages = {16},
  publisher = {Society for Industrial and Applied Mathematics}
}

@ARTICLE{Raydan_BBwithGLL1997,
  author = {Raydan, Marcos},
  title = {The Barzilai and Borwein Gradient Method for the Large Scale Unconstrained
	Minimization Problem},
  journal = {SIAM Journal on Optimization},
  year = {1997},
  volume = {7},
  pages = {26--33},
  number = {1},
  publisher = {SIAM},
  url = {http://link.aip.org/link/SJOPE8/v7/i1/p26/s1&Agg=doi}
}

@ARTICLE{Raydan_BBconvergence1993,
  author = {Raydan, Marcos},
  title = {On the Barzilai and Borwein choice of steplength for the gradient
	method},
  journal = {IMA Journal of Numerical Analysis},
  year = {1993},
  volume = {13},
  pages = {321-326},
  number = {3},
  doi = {10.1093/imanum/13.3.321},
  eprint = {http://imajna.oxfordjournals.org/content/13/3/321.full.pdf+html},
  url = {http://imajna.oxfordjournals.org/content/13/3/321.abstract}
}

@ARTICLE{BarzilaiBorwein_1988,
  author = {Barzilai, Jonathan and Borwein, Jonathan M.},
  title = {Two-Point Step Size Gradient Methods},
  journal = {IMA Journal of Numerical Analysis},
  year = {1988},
  volume = {8},
  pages = {141-148},
  number = {1},
  doi = {10.1093/imanum/8.1.141},
  url = {http://imajna.oxfordjournals.org/content/8/1/141.abstract}
}

@ARTICLE{Grippo_GLL1986,
  author = {Grippo, L. and Lampariello, F. and Lucidi, S.},
  title = {A nonmonotone line search technique for Newton's method},
  journal = {SIAM J. Numer. Anal.},
  year = {1986},
  volume = {23},
  pages = {707--716},
  month = {August},
  acmid = {13169},
  address = {Philadelphia, PA, USA},
  doi = {10.1137/0723046},
  issn = {0036-1429},
  issue = {4},
  numpages = {10},
  publisher = {Society for Industrial and Applied Mathematics},
  url = {http://dl.acm.org/citation.cfm?id=13167.13169}
}

@Comment{jabref-meta: databaseType:bibtex;}
